2550 3300
1028 87 150 45 -4-

324 115 1901 77 Iosa d’acqua e di bagni, secondo le mediche prescrizioni, deciso co¬

327 170 1895 72 m'ero a rinfracare la malferma salute ed a riacquistare le forze per

335 217 1928 71 nuove fatiche o per nuove battaglie. Presi alloggio nel nostro conven¬

335 264 1873 71 tino - pensione per gli ecclesiastici - di S. Antonio, nei sobborghi,

330 305 1944 77 potrmmo dire di Montecatini, in una zona silenziosa e quasi solitaria,

338 374 1942 68 dove incontrai un giovane d'Assisi e più precisamente di S.Maria degli

341 429 1766 57 Angeli, certo Rio Giacomo, col quale simpatizzai immediatamente.

533 481 1747 74 Di carattere allegro, gioviale e quasi umoristico, mi divertiva

343 541 1909 66 col racconto dei ricordi della sua recente vita militare, davvero po¬

349 594 1928 66 co entusiasta e briIIante - non era nato per le armi - dei suoi propo¬

349 646 1903 66 siti di lavoro, dei suoi sogni e delle sue speranze, non meno che non

343 698 1821 66 l'armonia dei suoi canti. Era fidanzato con una giovane tripolina,

343 753 1827 69 oriunda di Castel Benito, profuga della Libia e rifugiatsi con la

349 805 1892 77 famiglia a Bastia; e più volte mi fece ripromettere che, a suo tempo,

352 869 830 66 avrei benedette le loro nozze.

489 910 1722 102 Giacomino, come tutti lo chiamavano, mi accompagnava fedelmente

382 943 1873 80 e amorosamente alle fonti e nella passeggiata vespertina, e mi segui¬

357 1017 1920 72 va ovunque con devota fierezza, lieto d’essere divenuto improvvisamen¬

382 1067 1846 74 te il segretario privato di Mons. Facchinetti. A me - non so perchè -

354 1133 1901 66 mi richiamava l'idea e il ricordo e la figura di quello che dev’esse¬

357 1179 1898 75 re stato San Francesco, quand'era nel mondo e s’era affermato come un

357 1240 1887 82 menestrello e un giullare della Tavola Rotonda, il re delle feste e

371 1292 1879 74 delle allegre brigate della gioventù dorata della sua Assisi, il lie¬

365 1353 603 71 to Araldo del Signore.

522 1405 1766 69 Partì l’antivigilia della festa del Santo, desideroso di raggiun¬

363 1460 1889 69 gere la mistica Porziuncola, per assistere alla festa annuale del ce¬

360 1512 1865 72 leste Patrono d’Italia, svoltasi, quest'anno, nella Basilica di S. Ma¬

360 1567 1527 74 ria ed in quella del Subasio, con particolare solennità.

1039 1625 259 63 ooooooooo

481 1672 1771 71 Stavo per finire la cura - davvero prodigiosa - quando la Provvi¬

365 1718 1871 83 denza mi mandò in visita da Firenze, la cara famiglia De Micheli che,

354 1782 1893 66 com'è noto, è proprietaria di una vastissima Azienda Agricola ad Azi¬

368 1834 1827 66 zia, e si combinò che mi avrebbe favorito un auto, per trasportarmi

368 1886 1884 72 a Milano. Si trattava di una graziosa topolino che, all'indomani della

368 1938 1851 80 festività francescana, ch'io volli trascorrere presso i miei confra¬

376 1988 1876 77 telli - tenni anche il breve panegirico,  davanti ad una discreta folla

371 2048 1826 69 nella chiesa conventuale, parlando in pubblico, dopo quasi tre mesi

376 2103 1896 69 di silenzio - venne a prelevarmi, ed in poche ore mi condusse - attra¬

385 2153 1837 71 verso la Porretana, prima a Bologna, dove ci fermammo a colazione da

376 2211 1865 71 una cura famiglia di tripolini e poi alla Capitale Iombarda. Com'è no¬

382 2260 1887 77 to, quel valico dell'Appennino è uno dei più suggestivi e poetici, an¬

294 2304 1947 91 che se quasi tutti i vilIaggi che si attraversano e le circostanti campa¬

376 2376 1868 68 gne, portano la selvaggia impronta della guerra [[che si è]] abbattutasi in

376 2425 1791 83 modo particolare nella regione collinosa che, da Vergato, scende ai

379 2480 974 77 primi sobborghi della turrita città.

511 2535 1653 72 Milano, invece, essendo già stata sgombrata dalle macerie non

379 2582 1838 77 mi parve così danneggiata; ma, mi spiegarono poi, di molte case e pa¬

376 2634 1841 77 lazzi sono rimaste in piedi solo la facciata e le mura esterne, men¬

382 2689 1637 74 tre l’interno è andato distrutto dalle bombe e dagli incendi.

508 2741 1700 75 Non feci, però, si può dire, che attraversarla, perchè il giorno

379 2796 1884 72 dopo, la macchina, messa a mia disposizione da altri amici, mi condus¬

382 2849 1835 74 se al nativo paesello di Gorlago. Era la domenica, 7 ottobre, festa

382 2904 1881 71 del S. Rosario. Parenti ed amici mi avevano scritto a Tripoli, per in¬

382 2953 1857 74 vitarmi se fossi andato in Italia, a voler intervenive alla bella so¬

382 3003 1802 85 lennità, tanto più che si era combinato di celebrare in quel giorno

385 3055 1777 82 due gaudiose ricorrenze: il cinquantesimo anniversario, e le nozze

376 3113 1857 77 d'oro, di sacerdozio, del nostro carissimo zio, Padre Cherubino, e il
