2550 3300
1004 165 756 96 LA PROVVIDENZA IN VIAGGIO

500 335 625 80 Roma, 14 novembre 1945

643 453 1497 77 Verso la metà di giugno della scorsa estate, mi ammalai

500 500 1640 85 piuttosto gravemente: fegato ingrossato, diabete epatico, di¬

503 558 1609 77 sturbi viscerali; frutto del troppo Iavoro nell' organizzare

500 607 1656 83 manifestazioni artistiche e sportive a beneficio del Comitato

500 665 1719 80 Italiano di Assistenza, e anche, dell’abuso - bisogna pur confes¬

503 720 1708 77 sarlo - nel bere e trangugiare, per trovare un sollievo al caldo

497 772 1478 83 intenso, acqua fresca e birra in ghiaccio, specialmente.

635 827 1582 80 Per fortuna trovai un bravo medico, il giovane dottor Sta¬

1980 781 308 88 (me la danno gratis!)

497 874 1744 88 biIini, prigioniero di guerra, in servizio all’Ospedale Colonia¬

497 935 1717 77 le, buono, ma austero ed energico, che mi impose, con una dieta

497 990 1772 77 rigorosa - un assoluto riposo e mi curò con intelligente amore fi¬

497 1045 1794 74 liale. Del resto, quando cado infermo, o mi sento anche solo indi¬

500 1105 1785 69 sposto, io divento docile come un bambino; sono calmo ed obbedien¬

500 1157 1717 72 te e prendo con rassegnazione, tutte le medicine prescritte, a

497 1212 1703 77 meno che il mio organismo non vi si ribelIi, perchè aIIora sono

503 1267 1733 72 convinto che non mi possono fare bene. Fu il caso delle iniezio¬

495 1320 1675 68 ni endovenose. Di iniziezioni, veramente, non ne ho mai voluto

503 1380 1727 66 sapere e non ne avevo mai neppure avuto bisogno in vita mia; per

519 1435 1711 63 le endovenose poi provai sempre particolare, istintiva, anche se

500 1482 1730 74 ingiustificata, ripugnanza; e ne avvertii il medico quando volle

500 1545 817 66 esperimentarle in corpore meo.

635 1592 1582 71 Infatti, dopo la quarta o la quinta, fu d'uopo sospenderle,

495 1647 1730 71 perchè mi provocarono una febbre altissima. Egli, ed i suoi col¬

492 1702 1763 66 leghi, sostenevano che ciò non era possibile; ma dovettero arren¬

492 1754 1001 69 dersi davanti all'evidenza dei fatti.

624 1804 1678 74 Per più di un mese mi sentii debolissimo e dovetti trascorrer¬

492 1861 1755 72 lo, fra letto e lettuccio, tralasciando ogni impegno e sospenden¬

492 1911 1780 74 do qualsiasi Iavoro. Allora mi ventilò l'idea di un viaggio in Ita¬

489 1966 1695 69 lia per trascorrervi la convalescenza. Ma, sapevo, che quest'anno

492 2018 1700 74 era particolarmente difficile ottenere l’autorizzazione dal Co¬

486 2070 1703 77 mando AlIeato. Motivai la domanda con l’obbligo dalla Visita ad

486 2123 1722 82 limina, che cadeva proprio entro il 1945, senza riflettere che,

492 2178 1667 77 in queste condizioni, venivano a trovarsi tutti i Vescovi dal¬

486 2227 1700 85 l'Africa. Infatti, essendo troppo numerose le richieste, le Au¬

489 2279 1750 83 torità, interpellata la Santa Sede, e dimostrate le attuali dif¬

486 2334 1775 83 ficoltà per i lunghi viaggi, le rifiutarono tutte - la mia compre¬

484 2387 1557 85 sa.- affermando che il motivo addetto non era sufficiente.

646 2439 1615 82 Intanto io continuavo a star poco bene e il Brigadiere Gene¬

481 2488 1802 88 rale Blackley, Governatore inglese della Tripolitania, prese a cuo¬

481 2546 1782 80 re il mio caso e inviò agli Alleati il seguente telegramma, mentre

484 2601 1752 80 io facevo pressione presso la Segreteria di Stato: "Mi consta che

481 2651 1780 88 non venne concesso il permesso di recarsi in Italia a Mons. Facchi¬

481 2706 1777 90 netti - Vescovo di Tripoli -. Siccome ci sono delle ragioni e dei

481 2761 1741 88 motivi degni di compatimento - compassionate reasone - mi permetto

481 2818 1771 77 insistere perchè venga riesaminata Ia domanda, allo scopo di vede¬

481 2871 1760 79 re se non è possibile concedere ch'Egli possa partire con la nave,

478 2928 1238 75 che deve arrivare da Napoli in questi giorni."

621 2972 1607 86 Si trattava del famoso piroscafo "Argentina", uno dei pochi

478 3027 1794 91 superstiti della Società "Tirrenia", la cui partenza da Napoli era

483 3077 1797 86 stata annunciata telegraficamente per iI 20 agosto, mentre non giun¬

475 3124 1791 101 se in porto a Tripoli - recando, tra gli altri passeggeri, il pri¬
