2550 3300
1028 90 193 58 -5-

247 134 1937 91 e il ritorno alle proprie case di quasi tutti i reduci - una settan¬

255 209 1508 63 tina - dalla prigionia e dai campi di concentramento.

398 253 1733 74 Il paese era parato a festa, con drappi e [[festoni]] e archi di

261 313 1870 69 trionfo e bandiere tricolori e papali, che ne avevano trasformata

255 376 1953 61 addirittura la fisionomia, d’ordinario così poco elegante ed attraen¬

264 431 1922 66 te. La popolazione era tutta lì, ad attendermi attorno alla casa pa¬

266 489 1882 69 terna, donde si sarebbe mosso il corteo per la chiesa parrocchiale.

269 544 1939 74 E quale non fu la mia sorpresa, quando, nel cortile, accanto ai paren¬

269 594 1939 79 ti, al clero, alle Autorità, scorsi un folto gruppo di fanciulle tri¬

269 660 1956 79 poline, ospiti delle Suore della vicina borgata di Trescore Balneario,

275 712 1925 74 e, accorse, tutte giulive nella loro simpatica divisa da collegiali,

272 772 1130 77 a salutare ed acclamare il loro Vescovo.

418 816 1735 88 In chiesa, una delle più belle e devote della Diocesi, sobria¬

272 885 1884 72 mente addobbata, le funzioni religiose[[,]] si svolsero - tra musiche e

280 940 1843 74 canti, eseguiti con gran maestria da una numerosa ed affiatatissima

275 992 1933 75 orchestra, composta di elementi locali, rinforzata da strumenti ad ar¬

283 1050 1846 77 co della vicina città, - con dignità, puntualità e decoro, degni di

280 1116 437 66 una Cattedrale.

423 1157 1783 77 ⬪ Cantò la Messa giubilare il festeggiato ed al Vange¬

283 1218 1923 66 lo tenne dal pulpito, davanti e quella folla immensa, raccolta e de¬

291 1270 1931 74 vota, un magnifico discorso, tutto vibrante di patriottismo e di fede,

291 1320 1890 79 un religioso carmelitano, oriundo del paese e reduce anche lui dalla

291 1377 1884 83 guerra, come i bravi giovanotti, che servivano, con edificante pie¬

297 1430 1906 79 tà all'altare. Così come saranno fieri ed orgogliosi di portare a tur¬

294 1474 1906 82 no sulle proprie spalle e di fiancheggiarlo, quali guardie d’onore, il

299 1537 1920 82 simulacro di Maria, recato in devotissima processione, nel pomeriggio,

299 1592 1901 80 attraverso le vie del viIIaggio, inondate e rallegrate da un sole stu¬

299 1644 1901 85 pendo, tra inni e cantici di tutto il popolo devoto, accompagna⬪ in

305 1699 1890 74 tripudio dallo squillo delle campane e dal suono armonioso e rumoroso

305 1754 1870 74 della "Banda di Grumello del Monte" - che eseguirà a funzioni ultima¬

308 1812 1449 74 te, un applaudito concerto, sul sagrato della Chiesa.

473 1848 1669 99 II suo debutto, veramente, la musica, l’aveva voluto fare poco

305 1914 1807 90 prima, con gradita improvvisata, in casa Facchinetti, dove attorno

313 1969 1884 90 al carissimo zio e al nipote Vescovo, si raccolsero, con il Clero lo¬

313 2021 1805 82 cale, parenti ed amici, per un lauto banchetto, che non ci permise

313 2073 1849 85 davvero di pensare alla guerra ed alle sue conseguenze, organizzato

316 2125 1873 80 ed offerto signorilmente dal fratello Antonto, anche per celebrare il

316 2183 1851 83 ritorno del figlio "Franco" dalla Germania e le proprie nozze d’ar¬

313 2255 179 63 gento.

511 2266 1607 104 Quanto mi sono goduto quelle belle ore serene nella diletta

321 2337 1898 80 casa paterna, dove ebbi la mia culla e trascorsi la mia infanzia spen¬

324 2381 1816 96 sierata e gioconda, e mi incontrai un’altra volta, - dopo tre anni di

324 2444 1813 83 forzata separazione, con la mamma e tante care persone! La veneranda

324 2494 1895 82 genitrice, più che ottantenne, ma che ritrovai ancora vegeta ed arzil¬

324 2543 1838 91 la e quasi rinata a nuova vita dopo una recente operazione chirurgi¬

327 2596 1835 82 ca, era particolarmente felice di rivedere il suo diletto Padre Vit¬

330 2648 1859 80 torino e per il coincidere di tante festevoli ricorrenze. E più lieta

327 2697 1859 83 ancora di poterlo accompagnare la sera stessa a Bergamo - passando ⬪a

327 2747 1835 88 Trescore ho voluto ricambiare la visita alle care tripoline, che an¬

330 2802 1854 85 darono in visibilio - dove sapeva che avrebbe potuto goderselo in pa¬

332 2849 1849 90 ce per una settimana. E fu davvero un lietissimo soggiorno quello no¬

335 2901 1827 88 stro presso le sorelle, nella silenziosa viIIetta di Santa Maria As¬

338 2956 1774 85 sunta, dove è nato l’Istituto delle piccole Apostole dellex Scuola

338 3014 1840 74 Cristiana, di recente fondazione, ma che penso destinato ad un fulgi¬

343 3055 1852 88 do avvenire, date le sue finalità altamente provvidenziali per le No¬

341 3113 1623 99 stre Cattoliche, e la sua organizzazione genialmente moderna.
