2550 3300
1053 66 207 52 -2-

324 123 1970 75 mo scaglione dei bimbi libici, che dopo cinque anni di guerra, faceva¬

316 167 1964 75 no ritorno alle loro famiglie - se non nel pomeriggio del 12 settembre.

544 214 1739 74 La mattina della partenza, la risposta non era ancora arriva¬

316 258 1953 85 ta. Il Generale però era deciso a farmi partire ugualmente, sotto la

319 324 1975 77 sua responsabiIità. Quando, mentre mi trovavo presso la Polizia per le

313 382 1978 71 ultime pratiche, una telefonata del Palazzo del Governo avvertiva, che

316 437 1923 88 proprio in quel momento, era giunta la sospirata autorizzazione. Era

324 495 1939 79 il primo segnale che il Cielo gradiva il mio viaggio e la Provvidenza

324 547 1950 82 si metteva a mia disposizione, per il buon esito del medesimo. Tutto,

327 607 1958 80 infatti, si svolse poi così bene, che io non posso a meno di attribuir¬

324 665 1909 83 lo ad una divina paricolare assistenza, come si potrà constatare nel

327 734 756 66 seguito di questo racconto.

492 772 1810 83 Un solo incidente parve, però, contrariarlo fin da principio. Cono¬

327 833 1975 88 sciute le difficoltà di trasporto esistenti attualmente in Italia, ave¬

327 891 1950 77 vo ottenuto dalle competenti Autorità civili che mi seguisse sulla na¬

327 946 1953 77 ve, la mia auto "Aprilia". All'ultimo momento, proprio mentre si sta¬

327 998 1975 82 va caricandola sul piroscafo, venne invece un contrordine da parte del¬

327 1058 1950 80 le Autorità Militari e un conseguente reciso divieto. Rimasi assai ma¬

327 1113 1925 77 le e mi incapricciai a non voler più partire, convinto che, nelle mie

335 1171 1915 74 condizioni di salute, il viaggio, senza la macchina, mi sarebbe riu¬

335 1223 1967 75 scito troppo strapazzoso, oItrechè dispendioso. E invece, c’era di mez¬

335 1273 1516 82 zo la Provvidenza anche qui, come si vedrà più innanzi.

497 1333 1802 72 Mi convinse a desistere dal fiero proposito, il caro amico Arnal¬

335 1386 1964 71 do Piovesan - Direttore del Cas - che, in un primo tempo, aveva proget¬

338 1435 1925 80 tato di accompagnarmi, come autista, e che venuto a salutarmi la sera,

338 1496 1958 74 mi assicurò di avere un fratello a Roma, il quale, appena giunto, avreb¬

338 1548 1903 74 be messo a mia disposizione una sua macchina, e forse egli stesso mi

341 1600 1928 77 avrebbe portato attraverso l'Italia. Inoltre il Generale mi aveva con¬

343 1655 1951 77 segnato una lettera in cui, dopo aver attestato che mi recavo in Patria

338 1710 1876 85 per curare il mio povero fegato, per visitare la mia vecchia madre e

341 1762 1898 88 per sbrigare varie pratiche inerenti al mio ministero, mi raccomanda¬

343 1817 1868 72 va alla benevolenza delle Autorità. Perciò mi decisi a partire ugual¬

341 1875 962 110 mente, e fu davvero la mia fortuna.

1012 1930 267 96 ooooooooo

533 2037 1623 75 La mattina del 14 settembre, giorno di venerdì, una giornata

346 2084 1857 80 fresca e Iuminosa, mi recai a bordo, accompagnato dai miei familiari

349 2142 1934 71 e da un Maggiore della Polizia. Presentato da costui - che fu gentilis¬

349 2197 1928 69 simo - al comandante della nave, un ufficiale italiano, e al Regio Com¬

349 2246 1934 77 missario, un ufficiale inglese, presi subito alloggio nella mia modesta

352 2307 1823 74 cabina. Viaggiavano con me un centinaio di connazionali, la maggior

349 2354 1906 79 parte donne e bambini, che, per primi andavano a raggiungere finalmente

352 2411 1881 75 i loro cari in Italia; alcuni giovanotti che rimpatriavano d'autorità,

349 2458 1898 88 per aver raggiunto clandestinamente, con una barca, la Libia, gli uni¬

352 2521 1870 94 ci che il Vescovo non era riuscito a salvare, e un migliaio di solda¬

354 2568 303 94 ti inglesi.

536 2596 1659 99 La traversata non poteva essere più tranquilla e felice, non

349 2673 1898 63 ostante il timore delle mine. Io non ho voluto neppure provare il sal¬

352 2725 1812 60 vagente, tanto ero convinto che avremmo evitato ogni pericolo. Mare

352 2772 1889 68 calmissimo, cielo di cobalto, temperatura deliziosa. Avremmo fatto vo¬

349 2829 1865 64 lentieri il giro del mondo, in quelle condizioni. Invece - pur proce¬

354 2882 1835 60 dendo con lentezza e prudenza - nel pomeriggio del sabato eravamo in

354 2931 1887 80 visita della Sicilia e la sera dopo entravamo placidamente nel Golfo di

352 2981 195 104 Napoli.

544 3022 1717 85 Tragica e quasi macabra visione del porto, sconvolto dai bombar¬

357 3091 1816 68 damenti, e ridotto in molti punti, un cumulo di macerie, in violento

354 3140 1843 74 contrasto col meraviglioso sovrastante panorama, avvolto nella por¬
