2550 3300
1097 151 239 60 -3-

1793 96 187 151 baglioni

360 233 1752 86 pora di un superbo tramonto, punteggiato qua e là dai riflessi

363 272 1779 96 d’oro, provocati dagli ultimi [[bagliori]] del sole occiduo e dalle

360 330 1810 99 prime luci che andavano accendendosi, fantasmagoricamente, nella

363 387 665 77 pianura e sui monti....

519 442 1676 91 Si trascorse la notte a bordo e la mattina, per tempo, venne

343 495 1846 93 a prelevarmi un giovane sacerdote, mio amico, che avevo potuto av¬

343 550 1863 96 vertire del mio arrivo, la sera innanzi, e mi condusse con un taxi,

346 613 1898 82 alla Casa del Clero. Prezzo per la corsa - tre Km. forse o poco più

349 665 1895 88 fra andata e ritorno - miIle lire! Cominciamo bene; ma speriamo che

349 717 1870 86 la musica duri poco. Prego il buon prete di trovarmi subito un mez¬

349 781 1920 79 zo di trasporto, volendo proseguire al più presto per Roma; e mi fis¬

354 836 1893 74 sa il posto su un auto pubblica per iI giorno dopo. Altre due mila e

354 891 1909 74 cinquecento lire; ma stavolta la somma mi pare non esagerata, dato lo

357 943 1862 77 svalutamento della nostra povera moneta: comunque furono le prime e

352 992 1614 97 le ultime spese, durante tutto il mio soggiorno in Italia.

1023 1113 269 83 ooooooooo

448 1223 1760 66 Nella Capitale mi fermai un solo giorno sentendo estremo bisogno

363 1278 1903 61 di riposare prima di rimettermi ad un nuovo lavoro e volendo usufrui¬

365 1328 1824 66 re della buona stagione per una cura, alle rinomate acque termali e

365 1377 1279 75 salutari, a me già assai note, di Montecatini.

478 1435 1763 72 Una sola visita ritenni indispensabile: quella al Cardinale Fu¬

363 1490 1851 63 masoni-Biondi, mio diretto superiore, quale Prefetto di Propaganda

368 1542 1868 72 Fide, da cui dipende il Vicariato di Tripoli. L'Eminentissimo Porpo¬

371 1592 1815 77 rato mi accolse con grande amabilità e vedendomi così sciupato, mi

368 1647 1868 71 consigliò paternamente di prendermi tutte le vacanze che credevo op¬

368 1702 957 77 portune, per rimettermi in salute.

511 1729 1777 97 Rimandai persino la richiesta dell'udienza pontificia, non ostan¬

374 1798 1268 88 te l'ansia gioiosa di rivedere il Sante Padre.

511 1850 1675 83 L'unica altra visita alla quale non potei sottrarmi fu quella

374 1900 1862 88 ai fanciulli della Libia da tempo raccolti a Centocelle e nell’immi¬

371 1952 1840 85 nenza di ripartire per Tripoli; e ai profughi pure libici, alla Ca¬

379 2010 1879 82 serma "La Marmora", dove si svolsero scene di entusiasmo, di speran¬

376 2057 1854 88 za e di gaudio, davvero, indescrivibili. Basti riflettere che da me¬

382 2098 1879 102 si e mesi sono Ià raccolti, in trepida attesa, ogni giorno delusa, di

382 2167 1606 79 imbarcarsi per far ritorno alle loro terre, alle loro case.

547 2213 1650 83 Quanto a me, trovai subito un amico che mi fece accompagnare,

379 2249 1882 102 con la sua auto in Toscana. Ricordo che in viaggio - era anche quella

382 2315 1826 94 una splendida giornata quasi primaverile - parlando con una persona

379 2362 1824 99 oriunda di quelle parti, e che viaggiava nella macchina, manifestai

382 2414 1870 105 la speranza che le famose fonti fossero aperte al publico: "Purtrop¬

382 2466 1796 113 po no - rispose - Eccellenza. Vi transitai alcune settimane fa, ed

385 2521 1837 99 erano ancora chiuse, come in tempo di guerra. O meglio, sono aperte,

382 2568 1793 102 ma servono d’albergo alle truppe americane, che non si preoccupano

385 2620 1678 105 delle acque, ma vi fanno la cura del vino, a tutto spiano...."

594 2667 1595 102 "Eppure io sento.....Vogliamo scommettere?...." E vinsi...

387 2722 1841 113 naturalmente. Le truppe numerosissime - più di ventimila tra uffi¬

390 2780 1791 104 ciali e soldati - che sembravano decisi a svernare nella deliziosa

390 2829 1761 113 località, avevano levato le tende pochi giorni prima, evacuando la

393 2868 1818 124 città; e, ormai le sue principale sorgive il "Tettuccio e l’Excelsior"

393 2928 1824 113 funzionavano egregiamente. E' vero, non c'era ancora tanto concorso,

393 2981 1799 121 perchè la notizia non s’era molto diffusa; ma per noi, i fortunati,

401 3049 1741 121 si avverava il proverbio: “Poca brigata, vita beata". E furono 15

365 3096 1860 119 giorni - gli unici forse in tutta la mia non breve esistenza - di as¬

387 3143 1808 124 soluto riposo, tranquillissima pace, cura diligente e quasi scrupo¬
