2550 3300
1268 46 132 64 -1-

709 173 1345 151 Mons. ᑕamillo Vittorino Facchinetti

998 266 1040 121 Vicario ᗅpostolico di Tripoli

734 401 1012 127 MᗅLEᗞIZIONE ᗅLLᗅ

1314 500 465 118 GUERRᗅ

646 704 1480 79 Tripoli 14 marzo, ore 20-1944. Sala da pranzo del Vicaria¬

552 750 1571 83 to Apostolico. Dopo una breve lettura spirituale, i pochi com¬

550 797 1601 83 mensali cominciano una fraterna conversazione, piuttosto mesta.

550 852 1480 80 Ad un tratto, un piccolo religioso esclama: "Gli Inglesi

547 896 668 69 hanno risposto al Papa!"

541 965 1186 80 - Che cosa intendi dire?," chiede Monsignore.

547 1042 1612 77 - La radio ha trasmesso che quest’oggi, alle 11, in pieno gior¬

539 1083 1623 85 no, è stata nuovamente bonbardata Roma, in una maniera più tre¬

539 1138 1606 77 menda che mai. Si tratta di tre ondate successive. Alcuni pa¬

541 1188 1549 74 lazzi e molte case popolari rasi al suolo; i morti e feriti

539 1240 1609 77 devono essere parecchi, ma il numero non è stato ancora preci¬

544 1292 193 69 sato".

536 1361 1620 77 - Pare proprio lo facciano a posta per insultare al Pontefice¬

539 1419 1510 66 osserva un Padre anziano - Del resto il Segretario di Stato

536 1468 1642 69 agli esteri statunitense, Cordel HulI, ha dichiarato più volte:

525 1515 1637 69 ⬪rima le necessità della guerra e poi l’incolumità di Roma -

530 1564 1560 75 Sembra anzi che qualcuno abbia detto e ripetuto: Morto un

528 1619 701 58 Papa, se ne fa un altro!"

607 1685 1483 80 - "Sono delle bestie" - commenta indignata la Suora che

536 1738 561 74 ha portato in tavola.

530 1801 696 58 - "Che dite, sorella?".

522 1839 1653 75 - "Sì, sono delle bestie; ed al loro confronto i Tedeschi sono

519 1886 369 88 dei Santi!".

629 1969 1475 74 - "Insensata! Lo sapete che non voglio si faccia della

514 2024 1562 79 politica qui. Cambiate discorso, o meglio andatevene per i

514 2081 1617 69 fatti vostri. Fareste meglio chiaccherare di meno e pregare

514 2145 294 55 di più!".

508 2178 1654 79 Ciò dissi con lo schianto nel cuore; perchè proprio io ero il

511 2246 1656 64 primo a soffrire atrocemente per il nuovo insulto alla perso¬

511 2304 1659 66 na e alla parola del Sante Padre e alla nuova sciagura abbat ¬

517 2367 1606 61 tutasi sulla città eterna, cuore del cristianesimo e centro

511 2417 506 74 della cattolicità.

1105 2464 168 74 ...

616 2576 1543 69 Il Vicario di Cristo aveva parlato due giorni prima, do¬

506 2640 1601 60 menica 12 marzo, V° anniversario della Sua Coronazione, ad

508 2695 1678 68 una folla immensa che gremiva piazza San Pietro, dalla grande

506 2747 1356 82 balconata che prospetta la meravigliosa Basilica.

618 2835 1577 66 Quel discorso, trasmesso per radio, io non l’avevo potuto

506 2893 1667 77 sentire, perchè .... mi trovavo allo stadio cittadino per as¬

506 2942 1639 83 sistere ad un mach di foot-ball. Una delle stranezze, anche

511 3003 1747 104 questa, prodotte dalla guerra: che un Vescovo si veda costret¬
