2550 3300
1094 71 143 55 -3-

558 189 1532 77 Tra la commozione più profonda dell'immensa assembrea, il

456 250 1527 69 Papa terminava il suo dire innalzando al cielo un'elevata

459 297 1551 79 ed accalorata preghiera per impetrare da Dio il cessamento

459 354 1576 69 della guerra e l'avvento della pace; preghiera che strappò

459 407 1414 74 le lagrime e l'applauso della sterminata moltitudine.

569 506 1417 77 Ecco perchè l'annuncio del nuovo bombardamento romano

462 561 1579 74 aveva dato luogo al concitato battibecco nella famiglia del

464 610 1579 74 Vescovo, eco di tanti altri consimili che si svolgono certo

453 668 476 74 in infinite case.

1072 745 165 60 ooo

572 816 1447 77 Ritiratomi, poco dopo, nella mia cella, più triste del

478 858 1631 85 solito, ed esclamando più volte: "Maledizione alla guerra!"

470 915 1524 83 l'espressione divenutami famigliare da qualche anno - apro

470 968 1527 88 per caso la radio, e sento una voce proveniente da non so

473 1017 1658 88 quale stazione, che proclama: "A Leopoli (i Russi minaccia¬

473 1069 1551 86 vano un'altra volta l'eroica città) quest'oggi i Tedeschi

478 1122 1601 88 hanno massacrato ventimila persone, appartenenti a varie na¬

475 1179 1612 83 zionalità. Si tratta in gran parte di donne e bambini. I lo¬

473 1240 965 71 ro cadaveri sono stati bruciati!".

475 1325 1618 91 Il giorno seguente la radio della Repubblica fascista annun¬

481 1377 1634 94 ciava che la Luftwaffe aveva effettuato un grande bombardamen¬

481 1427 1634 93 to su Londra, colpendo, con ordigni di nuova forma e di nuovo

481 1485 1639 90 calibro, obbiettivi militari e quartieri popolari della gran¬

481 1559 369 66 de metropoli.

481 1586 1615 91 Banditi dell'aria, dunque per banditi dell'aria! Bestie per

484 1641 1532 91 bestie, se caso! Del resto, mesi fa mi era capitata tra

484 1685 1617 94 mano una pubblicazione: Front Line, ampiamente illustrata da

484 1738 1667 96 fotografie originali - e l'ho voluta riesaminare quel giorno -

489 1790 1560 93 che documentano le tremende distruzioni effettuate durante

486 1839 1593 99 il 1940, sulle principali città dell'Inghilterra dall'avia¬

489 1892 1590 101 zione germanica. Tra l'altro c'era, fra quelle pagine, la

492 1947 1562 101 riproduzione delle rovine e delle macerie, a cui venne ri¬

492 1999 1562 96 dotta la città di Coventry, che originò - come è noto - il

492 2048 1623 102 verbo coventrizzare, per indicare radere al suolo. E leggevo

492 2103 1645 102 in questi giorni la seguente tremenda statistica, o sacrilego

492 2156 1620 93 bilancio; "Secondo cifre ufficiali, pubblicate recentemen¬

522 2208 1620 96 te a Londra, circa 14.000 chiese, monasteri, conventi ed al¬

497 2257 1662 102 tri edifici religiosi, hanno sofferto danni, più o meno gravi,

495 2310 1623 110 in seguito ad incursioni aeree tedesche sulla Gran Brettagna

495 2370 1265 94 e sull'Irlanda del Nord "Quattordicimila!".

605 2455 1485 110 E' dunque una gara selvaggia a chi più distrugge. "Oggi

497 2513 1659 116 a me, domani a te!" - "Dente per dente, occhio per occhio!"

497 2568 1673 113 Ammessa la guerra, che è la più grande delle bestialità umane,

503 2648 792 80 tutto il resto è ammissibile.

500 2673 1656 112 Ecco i gravi pensieri - a qualcuno potrebbero parere parados¬

506 2730 1645 105 sali - che mi ossessionarono quella notte e i giorni appres¬

503 2783 1626 107 so e finirono col decidermi a buttare in carta queste che si

503 2838 1579 110 potrebbero chiamare "memorie belliche"; la cui trama era

503 2893 1364 104 già pronta la mattina del 15 marzo 44, alle ore 5.

503 2948 1604 104 Con la frase conclusiva che voglio subito segnare qui, nel

511 3000 1519 113 timore che lo sviluppo di questa narrazione me la faccia
