2550 3300
1174 44 154 60 -5-

607 189 1486 83 Cresciuto ed educato in questo ambiente o in quest’amo¬

500 236 1587 94 sfera di carità, di serenità e di pace, la guerra, tutte le

500 288 1563 88 guerre mi trovarono libero e alieno e refrattario da qual¬

503 335 1529 96 siasi politica e a qualsiasi velleità bellica. Intanto, da

500 393 1609 93 chierico, ai miei studi di obbligo e, da sacerdote, a quelli

500 442 1554 94 d’elezione, a lavori di magistero e di ministero, a nobili

500 492 1585 96 fatiche di apostolato, non ho mai sentito il più piccolo

500 547 1557 91 desiderio di mutare, sia pure temporaneanente e in qualità

500 599 1612 94 di CappelIano, la rozza tonaca francescana con Ia divisa mi¬

503 646 1551 96 litare, il silenzio e il raccoglimento del chiostro con il

503 701 1634 91 trambusto della caserma e il clangore e il fragore della bat¬

500 753 1604 91 tagIia. Ero, come si suol dire - un pacifista, un idealista,

506 808 1546 83 un tolstoiano; - altri direbbero un ingenuo ed un illuso -

511 860 1587 86 ed ho sempre considerata e aborrita la guerra come una cala¬

497 915 1588 86 mità e come una maledizione, in qualsiasi paese e per qual¬

497 965 685 74 siasi ragione e pretesto.

492 1045 1615 88 Ricordo che quando, a vent’anni, dovetti recarmi in famiglia

492 1105 1637 74 per la visita di Ieva, mi ripugnava il pensiero di dover fare

492 1155 1612 79 il soldato, non solo perchè ormai avevo scelto un'altra car¬

492 1207 1637 77 riera - ero già religioso professo - e per i pericoli che, si

495 1262 1634 74 diceva, presentasse la milizia, ma anche e sopratutto, lo ri¬

492 1314 1584 80 peto, per la mia innata ripugnanza alle battaglie umane. E

492 1366 1576 75 sì che allora, nel 1903, non ce n’era in vista proprio nessuna.

492 1416 1557 74 Poi sapevo d’aver diritto all’esonero, a meno non avessero

495 1468 1502 74 tenuto abile il fratello maggiore, dichiarato rividibile

492 1520 1587 72 l'anno prima. Tuttavia pregai ugualmente il medico del mio

492 1578 1664 66 paese che, per ogni evenienza, mi desse qualche buon consiglio

492 1628 1661 74 al riguardo. Questi, dopo un breve interrogatorio, mi suggerì

489 1677 1560 69 di attestare (era vero? non era vero?) che soffrivo di

489 1735 1590 60 cuore; e in tal modo mi sarei liberato per sempre. Come av¬

492 1782 1615 71 venne in realtà. Al distretto dichiarai francamente che ero

489 1837 1532 66 frate, valorizzai il mio vizio cardiaco, pregai perchè mi

492 1886 1631 77 lasciassero tornare alla mia vita e ai miei studi, tanto più,

486 1944 1618 66 dicevo, che toccava a mio fratello l’onore di servire la Pa¬

489 1996 1554 63 tria; e venni riformato per insuficenza della mitrale...

489 2048 1029 69 (Sfido io, non ero ancora Vescovo!).

594 2128 1433 61 Quando, nel 1911, scoppiò la guerra dell'Italia con la

481 2180 1623 64 Libia, mi trovavo da qualche mese a Brescia, nel nostro Con¬

486 2235 1643 64 vento di San Gaetano, rientrato in patria da pochi mesi, dopo

508 2290 1538 61 due anni di permanenza all’estero per perfezionarmi negli

481 2340 1675 66 studi. La mattina del 3 novembre, ha luogo nella nostra chie¬

481 2387 1648 71 sa, confinante con l’ospedale militare, una solenne cerimonia

481 2442 1590 74 funebre, a suffragio dei nostri soldati, eroicamente caduti

478 2497 1648 68 in Tripolitania e in Cirenaica. La sera innanzi vengo pregato

478 2546 1222 72 di preparare un breve discorso commemorativo.

591 2623 1532 74 Mi ritiro nella mia cella, mi affondo in libri e giornali

475 2678 1651 69 e poche ore dopo il testo del sermone era pronto. La nobiltà

475 2730 1621 75 della causa, intrecciata all'apostolato dei miei confratelli

473 2783 1623 77 in S. Francesco, pionieri di civiltà sulle Quarta Sponda, mi

478 2832 1543 80 aveva vinto e soggiogato. Gettai in carta delle pagine e

475 2882 1626 96 pronunciai delle parole che io stesso mi meravigliai come a¬

481 2959 1351 82 vessero potuto sgorgarmi dalle labbra e dal cuore.
