2550 3300
1127 77 152 52 -2-

437 222 1521 80 to a rinunziare di udire un discorso del Papa, per andare

437 275 1598 79 quasi a presiedere una partita di calcio! Ma quella manife¬

437 324 1601 83 stazione sportiva - nella quale giovani connazionali scende¬

437 371 1573 93 vano in Iizza contro arabi ed ebrei - era stata organizzata

431 426 1552 88 a favore del Comitato italiano di Assistenza, ed io sapevo

431 475 1651 94 che i poveri hanno tanto bisogno di aiuto ed hanno tanta fame,

431 522 1654 96 e, quale Presidente di detto Comitato, non potevo mancare alla

429 583 1631 82 competizione. Più volte i bravi organizzatori avevano esposto

429 629 1634 86 quel loro vivo desiderio - tanto più che era assicurato l'in¬

429 676 1606 91 tervento di numerose autortità mussulmane ed israelite - e la

448 731 1590 94 mia presenza doveva significare incoraggiamento, ringrazia¬

434 778 1224 85 mento, plauso per i nostri generosi giocatori.

528 852 1587 99 Ma non sono mai stato... un tifoso, ed è facile immaginare

418 915 1617 86 con quale animo abbia preso parte a quel divertimento e dove

418 970 1664 83 errassero, durante quelle ore, il mio pensiero e il mio cuore.

415 1042 1593 88 Appena di ritorno in ViIIa, mi informo ansiosamente intorno

420 1091 1607 94 alla manifestazione romana, e vengo in tal modo a conoscerne

415 1144 1648 85 i particolari. Pio XII° aveva parlato brevemente, ma, come al

415 1199 1703 85 soIito, fervidamente, dopo che le campane delle chiese dei set¬

412 1251 1653 85 te colli suonarono come a stormo per convocare il popolo del¬

412 1295 1598 91 l’Urbe. L’annunciatore della radio vaticana aveva rilevato

409 1355 1736 88 che, solo poco prima, il cielo piovoso ebbe un’improvvisa schia¬

412 1402 1653 85 rata; e la manifestazione si svolse senza il più piccolo in¬

407 1463 1631 85 cidente. Ottima la trasmissione; e la recezione non poteva

404 1520 1634 75 essere migliore. Più che mai la voce del Papa, che aveva co¬

401 1567 1684 85 minciato a parlare esattamente alle 15 e 14, era stata chiara,

401 1619 1689 83 Iimpida, sonora, tanto da dare l'illusione che si trattasse di

401 1672 1711 85 un giovane oratore e non già di un vegliardo quasi settantenne.

506 1754 1614 80 Il suo era stato un discorso esclusivamente religioso e al¬

401 1804 1719 85 tamente spirituale. Dopo aver accennato al giocondo anniversa¬

393 1853 1747 91 rio, aureolato però da tanta mestizia, perchè i dolori e le sof¬

390 1914 1678 79 ferenze dei figli sono le sofferenze e i dolori del Padre, il

393 1966 1672 82 Papa assicurò nuovamente i fedeli che Egli non aveva lasciato

390 2018 1730 83 intentata nessuna via per far cessare il tremendo flagello del¬

390 2076 1480 80 la guerra e far ritornare nel mondo sconvolto la pace.

385 2128 1713 74 Pio XII° si rivolgeva poi, ancora una volta, ad ambedue gli e¬

385 2189 1711 68 serciti belIigeranti, perchè volessero risparmiare Roma da ul¬

387 2241 1709 71 teriori distruzioni, se desideravano che il loro nome passasse

390 2296 1706 71 alla storia in benedizione e non in maledizione. Faceva inol¬

387 2348 1596 80 tre appello a tutti i buoni e generosi perchè venissero in

387 2406 1681 71 aiuto alla sua carità. Ormai la Santa Sede aveva esaurito le

387 2461 1709 71 sue risorse, aveva dato quanto poteva in denaro, in vestimenti

387 2519 1684 66 ed aIloggi ai poveri, e al Padre comune non restava che sten¬

385 2571 1683 69 dere [[la mano]] un'aItra volta la mano e sollecitare l'aiuto dei

382 2626 1716 71 ricchi e dei benestanti, perchè elargissero quanto fosse nelle

385 2675 1631 75 loro possibilità. In seguito, siccome intendeva parlare in

382 2741 1744 66 quella circostanza più come Vescovo di Roma, che come Capo del¬

382 2791 1714 71 cristianità, il Papa si indirizzava in modo speciale ai fedeli

379 2849 1750 71 della capitale e particolarmente ai numerosi profughi che hanno

379 2909 1692 61 cercato un rifugio e un asilo fra le sue mura. E tutti esor¬

382 2964 1741 72 tava al coraggio, alla pazienza, all’eroica rassegnazione nella

382 3014 1708 82 terribile prova, dietro l’esempio di Gesù Redentore, esiliato,

379 3080 638 88 martoriato, crocifisso.
