2550 3300
2321 0 57 74 2

418 211 1906 88 ta di artisti di professione, ma di semplici dilettanti; ed essi solo

404 264 1950 93 sanno quante prove e quanti sacrifici hanno dovuto affrontare per pre¬

393 316 1989 88 pararsi a questo debutto, che hanno superato splendidamente. Oggi possia¬

393 374 1906 85 mo dire che il Circolo Italiano non ha solo il suo teatro, piccolo, ma

396 429 1975 96 carino, grazioso ed elegante; ma anche la sua filodrammatica. (Applausi)

566 478 1755 88 Dopo la commedia, o la tragedia, verrà la farsa, e poichè ne co¬

420 525 1896 96 nosciamo gli attori, possiamo anticipare anche per loro gli applausi.

423 585 1873 86 Non so esattamente chi sia il protagonista Antenore; ma non credo si

426 643 1898 80 tratti nè dell'eroe troiano, nè dello scultore greco, gli unici uomi¬

423 693 1898 82 ni grandi passati, con questo nome, alla storia. So invece che la fi¬

423 756 1854 74 gura e le distrazioni di questo signore verranno incarnate dall’avv.

426 805 1898 77 Salviani; e allora possiamo starcene tranquilli che pure la farsa non

426 858 1846 77 potrà a meno di avere un esito felice, non essendoci forse, in tutta

426 913 1895 88 Tripoli, una persona più naturalmente distratta del nostro caro commen¬

426 965 572 66 datore. (Applausi)

536 1017 1802 74 Poi devo ringraziare iI Comitato esecutivo del Cimas che ha potuto

423 1058 1917 88 realizzare quest’opera e ⬪ procurarci quest'ambiente, solo perchè è

423 1119 1961 88 riuscito, con tenace volontà, a superare le innumerevoi difficoltà che,

423 1182 1920 85 oggi specialmente, presenta anche la più modesta impresa edilizia. Va¬

429 1232 1909 71 da, quindi, anche alla solerte Direzione l'espressione della nostra ricono¬

1202 1232 244 44 Direzione

426 1278 1282 83 scenza e della nostra gratitudine. (Applausi)

596 1333 1720 72 Infine devo ringraziare tutti i soci stessi del Circolo, perchè

431 1377 1882 83 senza la loro adesione e il loro contributo, [[la Direzione del medesi¬

418 1438 1881 77 mo]] avrebbe potuto realizzare ben poco. Invece c'è stata tanta buona

151 1438 140 124 il

431 1490 1882 69 voIontà da parte di tutti, ed è per questo che oggi funziona egregia¬

178 1441 231 167 Consiglio

426 1545 1854 74 mente. Io, dicevo, ho assistito alle origini, alla nascita, alla in¬

178 1509 237 168 Direttivo

423 1595 1961 71 fanzia del Circolo e so anche qui le diffidenze che si sono dovute supe¬

429 1647 1881 69 rare. Ma ormai il Circolo cammina e va di bene in meglio. Congratula¬

440 1699 957 80 zioni e auguri! (Applausi) ooo

561 1743 1771 74 Ma poichè ho preso la parola, permettetemi di richiamarvi brevemen¬

426 1801 1854 71 te (non voglio fare una predica; non spaventatevi!) le finalità del

426 1853 1912 69 medesimo. Poichè anche il CIMAS, come ogni altra organizzazione consi¬

426 1908 1832 63 mile, ha e deve avere il suo scopo e le sue finalità. Ci sono delle

429 1960 1961 72 finalità generiche e delle finalità specifiche. Le generiche sono tre; ⬪

429 2013 1845 71 ma si possono riassumere in una frase sola: tenete alto il prestigio

429 2068 1254 90 della famiglia, della Religione, della Patria.

478 2156 1860 88 La famiglia. Lo sapete: la guerra le ha sfasciate quasi tutte le ⬪

426 2219 1837 71 nostre belle famiglie italiane; le ha divise e disperse. Ringraziamo

431 2268 1846 80 la Provvidenza che ora però pare, finalmente, comincino a riunirsi e a

429 2318 1876 77 riorganizzarsi. A giorni verrà la nave che porterà il primo scaglione

429 2381 1870 66 di bambini libici (gli appIausi non mi hanno lasciato finire la fra¬

434 2425 1898 69 se; ma volevo dire: che consoleranno tanti focolari). [[Comunque]] Sono ⬪

431 2475 1915 71 lieto di poter affermare che il vostro Vescovo ha fatto tutto il possi¬

431 2538 1791 60 bile anche a questo riguardo; e se si è ammalato di fegato è anche

437 2576 1914 80 perchè ha partecipato largamente alle vostre pene e alle vostre soffe¬

431 2640 1893 71 renze. Bene: il Circolo Italiano deve servire a unire e commentare sem¬

431 2684 1436 85 pre più la vita della famiglia, in seno alla comunità.

478 2766 1829 99 La Religione. Oltre che a mantenere vivo lo spirito della famiglia,

456 2840 1895 69 i soci del Circolo devono tenere alto il prestigio della Religione: ciò

456 2890 1920 71 che è particolarmente difficile e necessario in questo paese. Non biso¬

456 2942 1843 74 gna dimenticare che noi viviamo in mezzo a Protestanti, Ebrei e Mus¬

456 2997 1873 66 sulmani; e come ognuno di loro pratica la propria religione, così noi

456 3041 1901 135 dobbiamo essere fieri di praticare la nostra. Il rispetto umano è con¬
