2550 3300
2321 24 36 86 2

159 236 294 220 di marte¬

214 343 176 141 di, 21

211 382 220 162 agosto

178 415 223 209 assistere

1609 233 561 77 Tripoli, Agosto 1945

618 327 1384 82 In questi giorni mi è capitato un curioso incidente.

2076 313 267 94 assistere

456 390 1893 69 La sera [[del 21 di detto mese, giorno di martedì, venni invitato ad

448 448 1879 63 sistere]] alla inaugurazione del picolo teatro che il C.I.M.A.S (Cir¬

453 495 1871 68 colo Italiano Manifestazioni Artistico Sportive) era riuscito final¬

451 555 1873 61 mente a costruirsi, come ambiente indipendente per le proprie inizia¬

456 602 1832 63 tive. L’invito mi era venuto, in modo particolare, dall'Avv. Salviani,

456 649 1843 71 che potremmo chiamare il Direttore Artistico del Circolo, e il quale

459 706 1868 66 aveva potuto mettere insieme tra i soci, une specie di filodrammatica

459 761 1862 66 che si doveva produrre e si produsse in realtà, quella sera, con

453 808 1871 72 il dramma di Kistermackers: "L’Istinto" e la farsa di Ermete Novelli

489 860 1040 69 "Le distrazioni del Signor Antenore".

596 913 1728 66 Salviani insisteva perchè, all’occasione, oltrechè ringraziare e

456 954 1865 74 incoraggiare gli artisti, io richiamassi ai soci - ai quali (come alle

470 1012 1895 71 loro famiglie) doveva essere riservata quella prima rappresentazione -

456 1064 1865 69 lo scopo o la finalità del Cimas, in rapporto specialmente al Comita¬

462 1119 976 66 to italiano d’assistenza. (C.I.A.)

2041 1130 181 58 quella

539 1168 1730 69 Ma, francamente, non ci pensai più al discorso, e quando quella sera

456 1212 1862 75 mi trovai seduto al posto d’onore, in prima fila, fra l'Avv. Wuy, pre¬

462 1278 1779 64 sidente del Cimas e l'amico Com. Viganò, terminato iI dramma, chiesi

462 1317 1887 77 all'avvocato, se intendeva parlare per ringraziare gli artisti; e, avu¬

464 1377 1909 69 tane risposta negativa, espressi il desiderio di dire io due parole; ciò

462 1427 946 82 che Wuy fu ben lieto di consentire.

574 1476 1695 75 Allora mi alzai, feci cenno di voler parlare e, non ostante che

470 1531 1846 69 qualcuno del pubblico mi invitasse a voler salire sulla ribalta, pre¬

464 1581 1780 71 ferii rimanere in platea, per conversare, famigliarità, [[come padre

478 1641 798 64 tra figli e amico tra amici]].

1501 1636 298 66 con ogni

572 1683 1859 74 E pronunciai il seguente discorso. Da notare che il testo del medesi¬

462 1738 1887 66 mo venne ricostruito il giorno dopo, con l’aiuto di persone che l’ave¬

462 1790 1823 63 vano attentamente ascoItato, essendomi stato richiesto d’urgenza dal

464 1837 1920 66 Governatore Britannico, Brigadiere Generale Blackley; e la ricostruzio¬

462 1889 1829 69 ne riuscì così perfetta che, avendolo io in seguito fatto riudire al

459 1941 1829 85 Presidente e al Vice Presidente del Circolo, (Cav. Finocchiaro) mi ri¬

470 1999 754 96 sposero che era esattissimo.

646 2081 1716 75 "Non meravigliatevi, amici miei, se questa sera vedete il vostro

467 2145 1868 66 Vescovo a teatro. E' forse la prima volta, dacchè sono a Tripoli, ch’io

470 2194 1898 72 intervengo, la notte, ad uno spettacolo del genere. E sono lieto di es¬

470 2246 1895 69 servi accorso tra i primi, dando a tutti buon esempio di puntualità: al¬

467 2299 1901 66 le 9 precise, infatti, varcavo la soglia di questo ambiente, quando ben

470 2348 1873 72 pochi spettatori avevano già preso il loro posto. Almeno qui, gli ita¬

470 2400 1945 66 liani, dovrebbero prendere la bella abitudine di attenersi scrupolosamen¬

473 2450 1815 66 te all'orario; perchè non è giusto che chi sente il dovere di essere

473 2502 1873 83 puntuale, debba stare ad attendere, sciupando un tempo prezioso, i ri¬

473 2554 588 69 tardatari. (Applausi)

583 2590 1774 91 Ciò detto, aggiungerò che era quasi un mio dovere, quale Presidente

470 2651 1901 71 onorario del Cimas e uno dei suoi primi soci fondatori, venire a conde¬

473 2711 1821 61 corare con la mia presenza l’inaugurazione del suo teatro; anche per

470 2758 1843 77 ringraziare personalmente coloro che hanno contribuito alla bella ma¬

467 2802 358 74 nifestazione.

610 2849 1761 85 Ed anzitutto dobbliamo ringraziare - e con i ringraziamenti porgere

473 2906 1898 72 loro congratulazioni ed auguri - i nostri bravi artisti che hanno reci¬

473 2964 1928 69 tato magnificamente. I vostri ripetuti applausi ne sono la prova miglio¬

473 3008 1878 121 re. (Applausi) Tanto più che non bisogna dimenticare che non si trat¬

214 1874 200 141 parola

203 1936 217 173 per poco la
