2550 3300
2274 76 43 78 3

396 269 1939 94 tagioso nel male, ma anche nel bene. Stiamo perciò tutti insieme attac¬

1034 211 363 86 lo può essere

2032 244 303 61 uniti ed

418 316 1939 113 cati al Vangelo, alla Croce di Cristo, alla Chiesa Cattolica, Apostoli¬

418 371 965 85 ca, Romana, nostra Madre e Maestra.

453 484 1898 110 La Patria. Se ci fu un'epoca in cui la nostra povera Italia ha soffer¬

423 525 1816 107 to, è stata straziata e martoriata, è proprio quella che abbiamo or

418 591 1906 93 ora attraversata. Ma non per questo dobbiamo negarle il nostro amore e

420 638 1926 99 la nostra venerazione; anzi!... ricordandoci che qualunque siano le sue

453 695 1860 97 sventura, la Patria non può perire, perchè è immortale! Ci sia lecito

429 742 1807 96 piuttosto auspicare che questa terra libica, che ci è costata tanto

429 805 1911 88 sangue, tanto denaro, tanto lavoro, tanti sacrifici possa ritornare es¬

431 849 1860 91 sa pure alla Madre Patria. Noi non possiamo e non vogliamo fare dimo¬

429 913 1887 82 strazioni al riguardo, come hanno già fatto [[gli]] altri; ma possiamo al¬

423 948 1906 102 meno esprimere questo nostro desiderio e questa nostra speranza? (App.

434 1047 1898 105 Oltre che delle finalità generiche il Circolo ha e deve avere delle fi¬

423 1111 1928 93 nalità specifiche. Le conoscete: basta spiegare la sigla del C.I.M.A.S:

442 1166 1827 85 Comitato Italiano Manifestazioni rtistico Sportive. Organizzare, dun¬

1320 1177 33 46 A

431 1210 1882 93 que, delle manifestazioni per divertire ed educare il nostro popolo. E

429 1276 1851 77 ciò allo scopo benefico. Nel senso che, come siamo d'acodrdo, ciò che

431 1322 1901 80 il Cimas raccoglie deve andare al Comitato Italiano Assistenza per soc¬

1788 1336 35 39 di

431 1375 1896 79 correre i poveri. Cosicchè mentre ci si diverte onestamente e sanamente

418 1427 1906 82 (solo i balli, o la frenesia dei balli, io non approvo, nè posso approva¬

431 1482 1816 82 re, tanto più, caro avvocato, (rivolgendomi al Presidente Wuy) che

434 1531 1854 80 fruttano così poco: abbiamo fatto più noi con la prima Kermesse che ci

434 1578 1884 88 ha dato 180 mila lire, che voi con tutti i vostri balli (sotto voce) e

434 1630 1860 80 le vostre ballerine), il ricavo deve andare a beneficio dei miseri. Co¬

434 1680 1827 80 munque ricordatevi che mentre si viene ad esercitare così un'opera di

445 1729 1873 99 carità fraterna, si compie pure un'operea di patriottismo. (Applausi)"

957 1823 661 69 =========================

547 1916 1741 83 Questo il discorso. Ora ci fu chi riferì immediatamente, alle alte

431 1952 1431 91 autorità britanniche, che il Vescovo in quel discorso:

525 2013 1727 82 1°) Aveva insultato le Autorità stesse, affermando che gli avevano

434 2051 1810 94 fatto venire il mal di fegato, nel farlo correre a destra e sinistra,

437 2114 1598 66 senza concludere mai nulla, per aiutare le famiglie italiane!

528 2164 1840 85 2°) Aveva parlato male o con disprezzo della Religione dei Protestan¬

442 2200 1777 90 ti, dei Mussulmani e degli Ebrei, per esaltare quella dei cristiani!

528 2263 1672 66 3°) Aveva reclamato l'italianità della Libia, gridando che questa

440 2299 1807 93 terra, che era sempre stata italiana, era italiana, e doveva rimanere

437 2356 1749 88 italiana, dal momento ch'era costata all'Italia tanto sangue, tanto

440 2409 635 66 denaro, tanti sacrifici!

519 2450 1722 71 Giudichino i lettori intorno all'esattezza del riferimento. Comun¬

442 2497 1824 77 que ecco il colloquio che, il giorno dopo, si svolse tra me e il Gene¬

437 2554 1870 108 rale, presenti, come interpreti, il Colonello Nadel e il Maggiore Diacono.

607 2642 1607 80 "Ripetute le debite dichiarazioni ch'io credevo di parlare ad

440 2695 1771 74 un pubblico di italiani, che il discorso era stato improvvisato, che

442 2750 1791 71 si trattò di una conversazione famigliare, come tra padre e figli e da

440 2794 1845 77 amico ad amici, feci conoscere ai presenti i punti più salienti dell'al¬

440 2849 1876 82 [[l]]locuzione. E l'unico incriminato e deplorato, dal Generale, fu quello che

440 2893 1818 85 riguardava l'avvenire della Libia. Le mie parole erano state impruden¬

440 2956 1796 66 ti, avevano suscitato grande scalpore e malumore, specialmente fra gli

448 3003 1821 77 arabi, in città, e la cosa poteva diventare dannosa per me e per i miei

445 3036 1783 121 connazionali. (Il Maggiore Diacono mi disse, in sordina, che un gruppo
