2550 3300
2312 53 44 87 4

429 266 1892 66 di arabi - esaltati dalla celebrazione del mezzoRadamam - erano [[anda¬]]

1975 222 365 72 si recati

437 308 1865 79 [[ti]] da lui la notte prima alle 3.30, con il proposito di voler andare

437 371 1439 77 a bruciare la sede del Cimas e la Casa del Vescovo!)

583 420 1656 72 Compresi che la faccenda presentava il suo lato grave; chiesi

440 486 1823 61 scusa al Governatore e gIi promisi che non avrei fatto altre simi¬

437 528 1887 85 li allocuzioni per l'avvenire, e avrei osservato, in pubblico, il più ri¬

442 591 449 71 goroso silenzio.

451 621 1887 80 - Ma cosa dire - soggiunsi - ai miei poveri italiani che mi chiedono

445 682 1846 107 continuamente quale sarà la sorte della Libia? se questa terra sarà

445 742 693 74 o meno lasciata a noi? -

448 792 1056 68 - ⬪ Quello che rispondo io: "Non so!" -

448 841 1868 74 - E sta bene; devo però, per onestà, dichiarare che non è la prima voI¬

451 899 1862 71 ta ch'io esprimo in pubblico l'accennato desiderio e l'accennata spe¬

445 954 1824 66 ranza: una vola, in Cattedrale, ho fatto anzi inginocchiare i fedeli

453 1009 1813 85 perchè chiedessero, insieme con me, al Signore, questa grazia, con una

459 1069 523 66 calorosa preghiera!

456 1100 1882 82 - Insomma quello che importa è che non facciate della politica; e sic¬

453 1166 1456 85 come l’avete promesso, considero chiuso l'incidente. - "

566 1248 1719 88 La mattina seguente invece (24 agosto) appariva sul "Corriere

456 1317 1926 82 di Tripoli" una Comunicazione, nella quale si dichiarava che "il Vescovo

462 1377 1848 69 aveva parlato - alIudendo al famoso discorso - ex tempore, senza ren¬

464 1419 1799 77 dersi conto che le sue parole sarebbero potute sembrare (sic!) di

464 1471 1849 71 una portata di carattere ufficiale (!)" E si concludeva: "Come per¬

467 1518 1832 74 sona privata egli non ha, naturalmente, nessuna autorità in materia".

470 1578 597 69 Firmato: La direzione.

577 1608 1706 88 Quale direzione? In principio si è voluto farmi credere che si

473 1661 1862 82 trattasse della Direzione del Giornale e non di quella del Cimas, come

470 1724 1862 71 io in un primo tempo avevo ritenuto; ma poi il Consiglio Direttivo del

470 1771 1810 85 Cimas emanò contro di me un ordine redatto in maniera tale che non è

1336 1773 201 36 del giorno

470 1820 1840 91 più possibile il dubbio che anche la comunicazione sia di provenienza

473 1872 1859 75 di qualcuno del Circolo, magari qualche ebreo che si dice italiano; co¬

473 1927 1851 69 munque io lo reputo peggiore, nella sostanza, e più irriverente,

475 1980 1357 99 per la forma, dell’accennata Comunicazione. Eccolo:

1031 2081 465 66 ORDINE DEL GIORNO

993 2128 572 83 ======================

481 2205 1851 96 IL CONSIGLIO DIRETTIVO del "CIMAS", riunito d’urgenza in seguito al di¬

591 2271 1763 83 scorso tenuto da S.E. il Vescovo Mons. Facchinetti, alla recita d'i¬

591 2323 1686 80 naugurazione del Teatro del Circolo la sera del 21 corr., e alle

591 2373 1708 82 ripercussioni che il discorso stesso ha suscitato fra i soci, nel¬

591 2425 1711 85 l'ambiente arabo ed ebraico dell Città, nonchè per riflesso nelle

591 2486 820 68 sfere governative della B.M.A.;

480 2510 1822 91 PREMESSO che nessun preventivo accordo era intervenuto fra i Dirigen¬

599 2571 1719 80 ti del Circolo e S.E. il Vescovo, Presidente del Comitato Italiano

599 2615 1728 82 di Assistenza, circa il fatto che egli pronunciasse un discorso in

594 2673 1700 71 occasione della recita inaugurale e tanto meno circa il contenuto

602 2717 1749 79 del discorso medesimo, il quale va quindi considerato come una ini¬

605 2772 1741 77 ziativa astemporanea e personale di Mons. Facchinetti, a cui soltan¬

602 2824 1375 74 to va fatta risalire ogni conseguente responsabilità;

495 2854 1799 102 CONSTATATO che le conseguenze del fatto sono già state - e potrebbero

602 2917 1714 86 ancora essere - dannose agli interessi e al buon nome del Circolo,

605 2967 1669 99 che in merito ha ricevuto in questi giorni formale diffida dalla

602 3027 663 116 Autorità Politica locale;
