2550 3300
770 343 939 102 COME MI ACCADDE DI DIVENTARE

962 481 495 82 "QUESTORE"

426 849 1906 77 Uno dei più gravi problemi, creati dalla guerra, e una delle

272 918 2077 113 sue conseguenze più dolorose e più deleterie, è senza dubbio la di¬

272 1014 2033 94 sorganizzazione, provocata, e lo sconvolgimento, arrecato, nelle

269 1108 308 80 famiglie.

401 1190 1934 91 Questo disordine ha avuto risonanze e ripercussioni, partico¬

269 1278 2088 127 larmente penose e talvolta singolarmente tragiche, fra gli Italia¬

269 1366 503 113 ni della Libia.

404 1454 1961 94 A parte il fatto che per i connazionali della Quarta Sponda ci

272 1545 2038 105 fu pure regolarmente, come per quelli della Penisola, la leva in

275 1633 2115 113 massa, anche se operata a più riprese; e i nostri giovani migliori,

277 1721 2088 113 e i più vigorosi adulti, hanno dovuto rispondere all’appello della

275 1806 2093 113 Madre Patria, abbandonando, col focolare, l'impiego, il podere, lo

277 1894 2118 88 ufficio, per irregimentarsi nell’esercito combattente e partire per

283 1985 2088 110 il fronte; quì da noi si è realizzato un duplice fenomeno, che non

286 2079 1336 88 trova riscontro nelle provincie del Regno.

429 2136 1911 138 Nell'estate del 1940, circa quindicimila bambini, giovanetti

280 2249 2091 88 e giovanette d’ambo i sessi, appartenenti, nella quasi totalità, a

275 2340 2090 104 famiglie coloniche della Tripolitania e della Cirenaica, lasciava¬

277 2428 2085 115 no, per disposizione del Governo centrale, le Iore case e salpava¬

277 2513 1879 118 no per l’Italia, dove sarebbero stati ospiti della G.I.L.=

437 2601 1870 113 Il provvedimento che, in apparenza, aveva solo una finalità

283 2686 2024 116 igienica, sociale fIlantropica, quella cioè di procurare a tanta

283 2772 2027 115 infanzia e a tanta giovinezza, nata, si può dire, nel deserto, e

283 2854 2088 138 dove, per lo meno, viveva già da qualche anno, il refrigerio delle
