2550 3300
2156 101 160 55 -3-

451 255 1854 83 Se, infatti, nei primi tempi furono ovunque accolti, e ospi¬

299 338 1978 85 tati come principi, mano mano che si dilatava e prolungava l'im¬

297 426 2038 88 mane flagello, anche la posizione dei graditi ospiti diventava più

294 514 1961 82 critica e più dura la Ioro sorte. - Dal giorno che gli alleati

297 599 2010 80 occuparono la Tripolitania cessò fra essi e i loro cari ogni cor¬

297 687 792 74 rispondenza epistolare. -

445 770 1862 85 Mano a mano che i bombardamenti e le distruzioni diventavano

294 858 2044 85 più frequenti e più tremende sulle città della Penisola e il suolo

294 943 2011 85 stesso della Patria si vide minacciato dall'invasione, i fanciul¬

291 1023 2016 90 li Libici venivano portati continuamente in località meno perico¬

291 1113 2038 102 lose; finchè arrivarono i tragici eventi del Iuglio 44 e l'armisti¬

294 1190 1961 99 zio dell’8 settembre, dopo il quale gli infelici giovanetti si

297 1278 2010 97 trovarono completamente abbandonati. - Fu primo il Papa PIO XII a

297 1364 2002 110 soccorrerli paternamente, facendoli ricoverare in Collegi ed Isti¬

299 1452 2003 107 tuti, in attesa di poter far ritorno alle loro famiglie. - Questo

291 1540 1986 101 stato di cose, durò parecchi mesi e solo nell’autunno del 45 una

291 1619 1975 102 nostra nave che riportava in Libia il primo scaglione di libici,

291 1716 2011 88 approdava felicemente nel porto di Tripoli. - A tutt’oggi, mentre

291 1801 1953 91 scrivo queste pagine, altri tre o quattro scaglioni, sempre per

291 1889 2036 102 interessamento del Papa e l’indefesso lavoro della Commissione Pon¬

291 1971 1972 102 tificia, in accordo col Ministero dell’Africa e con gli AlIeati,

286 2065 1958 88 riuscirono a rivedere la Quarta Sponda e a riabbracciare i loro

291 2150 171 88 cari.

434 2233 1871 96 Ma si tratta di poche migliaia di unità, un terzo forse, si

286 2329 1958 88 e no, di coloro che dovrebbero rientrare; gli altri sono sempre

280 2417 2049 88 là, in penosa e sfibrante attesa, nei vari campi di profughi, tali

286 2505 2032 99 e tante sono le difficoltà politiche, burocratiche e di disorganiz¬

286 2593 1983 85 zazione che si frappongono agli ansietati desideri di questi che

286 2667 2005 102 un giorno furono bimbi e giovanette e molti ora sono giovanetti e

288 2761 751 90 quasi ragazze da marito.

426 2895 1835 110 Da notare che per i ragazzi maschi, che hanno già raggiunto
