2550 3300
2071 68 154 69 -4-

288 233 1953 80 il sedicesimo anno, è sospeso il Iasciapassare e quanto più le

291 332 2003 75 pratiche vanno per le lunghe e tanto più cresce il numero di que¬

291 401 451 102 sti esclusi. -

1070 511 339 50 --- o ---

445 577 1854 105 L’altro fenomeno, che contribuì a disperdere e disgregare le

291 665 2005 99 famiglie italiane in Libia, è l'aver obbligato le donne ed i bam¬

294 756 2030 85 bini, con i vecchi e gli ammalati ad abbandonare questa terra, al¬

291 855 2027 85 la vigilia dell’invasione. - Badate che non parlo dell’esodo in mas¬

294 926 2005 97 sa, cui furono costretti dalle nostre Autorità italiane della Ci¬

291 1014 1986 91 renaica, cittadini e Coloni, al ritorno definitivo degli alleati

294 1105 2002 91 in quella regione, martoriata e sconvolta, - errore madornale poli¬

299 1188 1995 99 tico, sociale ed economico, come dimostro nel mio citato volume -

294 1273 2002 102 perchè, in questo caso, l’unità della famigliaveniva ulteriormen¬

297 1364 1980 101 te spezzata e straziata, dal momento che i rimasti a comporre il

297 1449 2002 110 focolare domestico partirono tutti insieme, con il loro misero ba¬

297 1534 1999 99 gaglio, abbandonando alla rapina ed al saccheggio tutti i loro be¬

297 1628 1999 88 ni, e insieme raggiunsero le loro terre d’origine nella Penisola,

299 1707 1967 113 o si alIoggarono, in qualche modo, quì da noi in Tripolitania, in¬

302 1795 1994 113 vadendo Ia città e le campagne. - Ma alludo agli altri disgrazia¬

299 1886 1997 105 ti che dovettero separarsi da parenti ed amici, per andare ramin¬

305 1969 1967 115 ghi nella Penisola, non pochi di essi senza vitto e senza tetto.

451 2057 1873 115 Dapprincipio, veramente, non c’era nessun obbligo di partire.

299 2145 1953 110 = Le autorità si limitavano a consigliare di mandar via chi non

302 2244 2000 104 era assolutamente necessario quaggiù ai fini bellici. - Mano mano

302 2329 1989 107 però che la guerra si avvicinava a queste regioni, si moltiplica¬

302 2422 1994 94 vano i pericoli e i bombardamenti e il panico aumentava, l’evasio¬

299 2499 1898 116 ne divenne più spontanea e nello stesso tempo più imperativa.

453 2582 1788 121 lo stesso venni più volte pregate di assecondare il lavoro

302 2667 1961 121 dei Gerarchi a questo riguardo e di esortere, anche dal pulpito,

302 2752 1970 121 alla partenza ed allo sfollamento.= Ciò che feci però con molta

305 2838 1997 99 cautela e molta prudenza, sia perchè mi spiaceva di vedere le no¬

308 2934 1988 118 stre care e belle famiglie costrette a dividersi così; sia perchè
