<?xml version="1.0" encoding="UTF-8"?>
<alto xmlns:xsi="http://www.w3.org/2001/XMLSchema-instance"
      xmlns="http://www.loc.gov/standards/alto/ns-v4#"
      xsi:schemaLocation="http://www.loc.gov/standards/alto/ns-v4# http://www.loc.gov/standards/alto/v4/alto-4-2.xsd">
  <Description>
    <MeasurementUnit>pixel</MeasurementUnit>
    <sourceImageInformation>
      <fileName>PhD_Sources_Facchinetti_Come_mi_accadde_di_diventare_questore.pdf_page_9.png</fileName>
      
    </sourceImageInformation>
  </Description>
  
  <Tags>
    <OtherTag ID="BT1710" LABEL="NumberingZone" DESCRIPTION="block type NumberingZone"/><OtherTag ID="BT1711" LABEL="RunningTitleZone" DESCRIPTION="block type RunningTitleZone"/><OtherTag ID="BT1804" LABEL="MainZone" DESCRIPTION="block type MainZone"/>
    <OtherTag ID="LT672" LABEL="CustomLine:footnotes" DESCRIPTION="line type CustomLine:footnotes"/><OtherTag ID="LT673" LABEL="HeadingLine" DESCRIPTION="line type HeadingLine"/><OtherTag ID="LT674" LABEL="InterlinearLine" DESCRIPTION="line type InterlinearLine"/><OtherTag ID="LT675" LABEL="DefaultLine" DESCRIPTION="line type DefaultLine"/>
  </Tags>
  
  <Layout>
    <Page WIDTH="2550"
          HEIGHT="3300"
          PHYSICAL_IMG_NR="7"
          ID="eSc_dummypage_">
      <PrintSpace HPOS="0"
                  VPOS="0"
                  WIDTH="2550"
                  HEIGHT="3300">
        
        <TextBlock HPOS="2080"
                   VPOS="98"
                   WIDTH="262"
                   HEIGHT="96"
                   ID="eSc_textblock_3c0ebbf1"
                   TAGREFS="BT1710">
          <Shape><Polygon POINTS="2080 98 2080 194 2342 194 2342 98"/></Shape>
          
          
          <TextLine ID="eSc_line_c7060902"
                    TAGREFS="LT675"
                    BASELINE="2113 158 2300 163" 
                    HPOS="2109"
                    VPOS="101"
                    WIDTH="190"
                    HEIGHT="69">
            <Shape><Polygon POINTS="2112 156 2109 170 2296 170 2299 162 2296 118 2206 101 2203 101 2112 110 2112 156"/></Shape>
	    <String CONTENT="— 7 —"
                    HPOS="2109"
                    VPOS="101"
                    WIDTH="190"
                    HEIGHT="69"></String>
          </TextLine>

          
        </TextBlock>
        
        <TextBlock HPOS="200"
                   VPOS="245"
                   WIDTH="2140"
                   HEIGHT="2976"
                   ID="eSc_textblock_56fafdc8"
                   TAGREFS="BT1804">
          <Shape><Polygon POINTS="200 245 204 3221 2340 3194 2332 253"/></Shape>
          
          
          <TextLine ID="eSc_line_f4cdc671"
                    TAGREFS="LT675"
                    BASELINE="393 341 2225 341" 
                    HPOS="393"
                    VPOS="277"
                    WIDTH="1832"
                    HEIGHT="80">
            <Shape><Polygon POINTS="2217 286 2189 277 2181 277 2153 277 2134 277 2098 286 2096 286 2052 277 2043 277 2016 277 1988 277 1980 277 1920 286 1906 286 1892 286 1826 277 1823 277 1796 277 1768 277 1741 277 1705 283 1686 286 1677 283 1664 277 1658 277 1633 277 1625 283 1620 286 1617 283 1606 277 1603 277 1576 277 1565 277 1540 283 1521 286 1496 283 1466 277 1466 277 1438 277 1416 277 1411 280 1400 286 1391 280 1386 277 1383 277 1356 277 1328 277 1320 277 1295 280 1240 286 830 280 805 283 778 283 750 283 723 283 695 283 668 283 640 283 613 283 585 286 558 286 530 286 503 286 475 286 448 286 420 286 393 291 393 341 393 357 2222 357 2225 341 2225 291 2217 286"/></Shape>
	    <String CONTENT="Due casi però, che potremo dire fra i più disgraziati, me¬"
                    HPOS="393"
                    VPOS="277"
                    WIDTH="1832"
                    HEIGHT="80"></String>
          </TextLine>

          
          
          <TextLine ID="eSc_line_cfb2aaa9"
                    TAGREFS="LT675"
                    BASELINE="236 426 2250 431" 
                    HPOS="233"
                    VPOS="349"
                    WIDTH="2017"
                    HEIGHT="93">
            <Shape><Polygon POINTS="316 357 288 365 261 374 236 385 236 426 233 437 2244 442 2250 431 2247 371 2156 371 2156 368 2134 352 2131 352 2129 352 2057 352 2054 352 2052 352 2049 352 2027 368 1906 352 1763 352 1760 352 1757 352 1755 352 1733 368 1727 368 1422 354 1419 354 1416 354 1386 368 1317 352 1314 352 1312 352 1026 365 982 349 979 349 976 349 973 349 924 363 855 349 852 349 850 349 808 365 775 352 772 352 770 352 704 365 687 352 684 352 682 352 679 352 676 352 673 352 657 365 621 349 618 349 616 349 530 365 478 349 475 349 473 349 470 349 420 365 327 352 316 357"/></Shape>
	    <String CONTENT="ritano di venire riferiti a parte o per disteso, dato lo scalpo¬"
                    HPOS="233"
                    VPOS="349"
                    WIDTH="2017"
                    HEIGHT="93"></String>
          </TextLine>

          
          
          <TextLine ID="eSc_line_c9617709"
                    TAGREFS="LT675"
                    BASELINE="236 517 2250 517" 
                    HPOS="236"
                    VPOS="442"
                    WIDTH="2014"
                    HEIGHT="91">
            <Shape><Polygon POINTS="236 517 236 533 2250 533 2250 517 2247 445 2142 459 1889 448 1832 445 1829 445 1826 445 1823 445 1821 448 1799 462 1642 462 1589 448 1551 442 1548 442 1545 442 1543 442 1534 451 1521 462 1460 462 1446 451 1438 442 1435 442 1433 442 1325 442 1323 442 1276 451 1243 459 1235 453 1224 442 1221 442 1218 442 1215 442 1166 453 1144 456 1125 453 1067 442 1064 442 949 453 905 459 899 456 885 442 883 442 880 442 767 442 764 442 761 442 731 456 726 459 717 456 687 442 684 442 682 442 679 442 676 442 654 456 651 459 627 456 517 445 514 445 511 445 508 445 495 459 492 462 236 462 236 517"/></Shape>
	    <String CONTENT="re suscitato in città e per l’interessamento preso dal Vescovo.="
                    HPOS="236"
                    VPOS="442"
                    WIDTH="2014"
                    HEIGHT="91"></String>
          </TextLine>

          
          
          <TextLine ID="eSc_line_3fe7d50e"
                    TAGREFS="LT675"
                    BASELINE="239 605 2222 605" 
                    HPOS="239"
                    VPOS="528"
                    WIDTH="1983"
                    HEIGHT="93">
            <Shape><Polygon POINTS="239 605 239 621 2222 621 2222 605 2222 550 2057 550 2057 547 2035 530 2035 528 2032 528 2030 528 2027 528 1873 547 1870 547 1867 547 1845 528 1843 528 1840 528 1837 528 1834 528 1782 547 1779 547 1774 547 1628 528 1625 528 1521 541 1460 528 1457 528 1455 528 1452 528 1402 547 1397 547 1391 547 1312 528 1232 528 1229 528 1226 528 1224 528 1224 530 1204 547 1202 550 1149 550 1147 544 1125 528 1122 528 1119 528 1116 528 1114 528 1072 544 1067 547 1056 544 971 528 968 528 965 528 932 544 929 547 924 544 891 528 888 528 885 528 783 544 761 550 684 550 679 544 660 528 657 528 654 528 574 528 572 528 569 528 566 528 541 544 536 547 495 544 338 528 335 528 239 541 239 605"/></Shape>
	    <String CONTENT="Il primo risale all’estate del 1945, il secondo accadde in que¬"
                    HPOS="239"
                    VPOS="528"
                    WIDTH="1983"
                    HEIGHT="93"></String>
          </TextLine>

          
          
          <TextLine ID="eSc_line_a02f56fc"
                    TAGREFS="LT675"
                    BASELINE="239 693 1537 698" 
                    HPOS="236"
                    VPOS="624"
                    WIDTH="1301"
                    HEIGHT="102">
            <Shape><Polygon POINTS="239 693 236 706 888 726 891 726 1534 712 1537 698 1534 640 935 640 929 638 891 624 888 624 885 624 239 632 239 693"/></Shape>
	    <String CONTENT="sti giorni, cioè nella primavera del 946."
                    HPOS="236"
                    VPOS="624"
                    WIDTH="1301"
                    HEIGHT="102"></String>
          </TextLine>

          
          
          <TextLine ID="eSc_line_742678ee"
                    TAGREFS="LT675"
                    BASELINE="396 789 2252 789" 
                    HPOS="396"
                    VPOS="720"
                    WIDTH="1856"
                    HEIGHT="85">
            <Shape><Polygon POINTS="396 789 396 805 2252 805 2252 789 2252 734 396 720 396 789"/></Shape>
	    <String CONTENT="Quello, deduce o deriva il suo interessamento dal grave pe¬"
                    HPOS="396"
                    VPOS="720"
                    WIDTH="1856"
                    HEIGHT="85"></String>
          </TextLine>

          
          
          <TextLine ID="eSc_line_be8086e7"
                    TAGREFS="LT675"
                    BASELINE="239 871 2222 880" 
                    HPOS="236"
                    VPOS="814"
                    WIDTH="1986"
                    HEIGHT="77">
            <Shape><Polygon POINTS="239 871 236 882 2217 891 2222 880 2219 822 239 814 239 871"/></Shape>
	    <String CONTENT="ricolo incorso nella traversata dagli eroici argonauti; questo,"
                    HPOS="236"
                    VPOS="814"
                    WIDTH="1986"
                    HEIGHT="77"></String>
          </TextLine>

          
          
          <TextLine ID="eSc_line_ba811941"
                    TAGREFS="LT675"
                    BASELINE="239 959 2247 970" 
                    HPOS="236"
                    VPOS="899"
                    WIDTH="2011"
                    HEIGHT="88">
            <Shape><Polygon POINTS="239 959 236 968 2241 987 2247 970 2241 899 239 899 239 959"/></Shape>
	    <String CONTENT="dal processo che ha provocato davanti alla Corte Militare di Tri¬"
                    HPOS="236"
                    VPOS="899"
                    WIDTH="2011"
                    HEIGHT="88"></String>
          </TextLine>

          
          
          <TextLine ID="eSc_line_2a3a958a"
                    TAGREFS="LT675"
                    BASELINE="239 1053 415 1053" 
                    HPOS="239"
                    VPOS="979"
                    WIDTH="176"
                    HEIGHT="88">
            <Shape><Polygon POINTS="239 1053 239 1067 415 1064 415 1053 415 995 310 979 308 979 239 992 239 1053"/></Shape>
	    <String CONTENT="poli."
                    HPOS="239"
                    VPOS="979"
                    WIDTH="176"
                    HEIGHT="88"></String>
          </TextLine>

          
          
          <TextLine ID="eSc_line_54970101"
                    TAGREFS="LT675"
                    BASELINE="393 1138 2283 1138" 
                    HPOS="393"
                    VPOS="1075"
                    WIDTH="1890"
                    HEIGHT="80">
            <Shape><Polygon POINTS="2263 1080 2261 1078 393 1075 393 1138 393 1155 2283 1155 2283 1138 2283 1091 2263 1080"/></Shape>
	    <String CONTENT="Ecco la narrazione di quel primo viaggio fortunoso, rilevato"
                    HPOS="393"
                    VPOS="1075"
                    WIDTH="1890"
                    HEIGHT="80"></String>
          </TextLine>

          
          
          <TextLine ID="eSc_line_827cdaa2"
                    TAGREFS="LT675"
                    BASELINE="239 1223 2313 1218" 
                    HPOS="236"
                    VPOS="1155"
                    WIDTH="2077"
                    HEIGHT="85">
            <Shape><Polygon POINTS="2299 1174 2294 1166 1639 1155 1636 1155 236 1168 239 1223 239 1240 2313 1234 2313 1218 2307 1168 2299 1166 2299 1174"/></Shape>
	    <String CONTENT="dal diario di bordo di un profugo, o meglio di una profuga, ROSET¬"
                    HPOS="236"
                    VPOS="1155"
                    WIDTH="2077"
                    HEIGHT="85"></String>
          </TextLine>

          
          
          <TextLine ID="eSc_line_0fd39a6a"
                    TAGREFS="LT675"
                    BASELINE="239 1309 1746 1314" 
                    HPOS="236"
                    VPOS="1248"
                    WIDTH="1510"
                    HEIGHT="80">
            <Shape><Polygon POINTS="1733 1256 239 1248 239 1309 236 1322 1741 1328 1746 1314 1744 1303 1733 1256"/></Shape>
	    <String CONTENT="TA GREGORI, che ha vissuto in pieno Ia tragedia."
                    HPOS="236"
                    VPOS="1248"
                    WIDTH="1510"
                    HEIGHT="80"></String>
          </TextLine>

          
          
          <TextLine ID="eSc_line_b3e62030"
                    TAGREFS="LT673"
                    BASELINE="989 1394 1279 1394" 
                    HPOS="987"
                    VPOS="1333"
                    WIDTH="289"
                    HEIGHT="80">
            <Shape><Polygon POINTS="987 1402 1273 1413 1276 1391 1268 1333 1246 1347 1169 1333 1163 1333 1160 1333 1152 1333 1042 1347 990 1333 987 1391 987 1402"/></Shape>
	    <String CONTENT="--- o ---"
                    HPOS="987"
                    VPOS="1333"
                    WIDTH="289"
                    HEIGHT="80"></String>
          </TextLine>

          
          
          <TextLine ID="eSc_line_702377e6"
                    TAGREFS="LT675"
                    BASELINE="244 1468 409 1468 489 1485 2310 1479" 
                    HPOS="244"
                    VPOS="1421"
                    WIDTH="2066"
                    HEIGHT="97">
            <Shape><Polygon POINTS="2305 1441 2277 1441 2250 1441 2222 1438 2195 1438 2167 1435 2140 1435 2112 1432 2085 1432 2057 1432 2030 1430 2002 1430 1988 1427 244 1421 244 1468 244 1501 905 1518 907 1518 910 1518 913 1518 932 1501 1020 1501 1028 1501 1246 1518 1248 1518 1251 1518 1279 1504 1452 1512 1455 1512 1523 1498 1532 1498 1543 1498 1650 1515 1653 1515 1744 1501 1911 1515 1914 1515 1917 1515 1920 1515 1939 1498 1991 1515 1994 1515 1997 1518 2200 1518 2200 1515 2307 1496 2310 1479 2305 1441 2305 1441"/></Shape>
	    <String CONTENT="&quot;&quot;&quot;&quot;&quot;&quot; 23 Giugno 1945= Siamo pronti per la partenza, in una pic¬"
                    HPOS="244"
                    VPOS="1421"
                    WIDTH="2066"
                    HEIGHT="97"></String>
          </TextLine>

          
          
          <TextLine ID="eSc_line_87bf9ef0"
                    TAGREFS="LT675"
                    BASELINE="242 1575 2305 1575" 
                    HPOS="242"
                    VPOS="1520"
                    WIDTH="2063"
                    HEIGHT="86">
            <Shape><Polygon POINTS="242 1575 242 1592 2302 1606 2305 1575 2305 1520 242 1520 242 1575"/></Shape>
	    <String CONTENT="cola cala nai pressi di Siracusa.= Due barche dalla stazza di cir¬"
                    HPOS="242"
                    VPOS="1520"
                    WIDTH="2063"
                    HEIGHT="86"></String>
          </TextLine>

          
          
          <TextLine ID="eSc_line_7acd95e4"
                    TAGREFS="LT675"
                    BASELINE="242 1663 2258 1655" 
                    HPOS="239"
                    VPOS="1603"
                    WIDTH="2019"
                    HEIGHT="80">
            <Shape><Polygon POINTS="242 1663 242 1683 2255 1674 2258 1655 2250 1603 239 1608 242 1663"/></Shape>
	    <String CONTENT="ca 2 tonnellate e mezza ciascuna, ormeggiano nelle vicinanze, in"
                    HPOS="239"
                    VPOS="1603"
                    WIDTH="2019"
                    HEIGHT="80"></String>
          </TextLine>

          
          
          <TextLine ID="eSc_line_114b5c22"
                    TAGREFS="LT675"
                    BASELINE="239 1754 1166 1749" 
                    HPOS="236"
                    VPOS="1688"
                    WIDTH="930"
                    HEIGHT="80">
            <Shape><Polygon POINTS="239 1754 239 1768 1163 1762 1166 1749 1158 1688 236 1691 239 1754"/></Shape>
	    <String CONTENT="attesa degli ospiti insoliti."
                    HPOS="236"
                    VPOS="1688"
                    WIDTH="930"
                    HEIGHT="80"></String>
          </TextLine>

          
          
          <TextLine ID="eSc_line_9e5e3cf5"
                    TAGREFS="LT675"
                    BASELINE="393 1842 1276 1834 2283 1842" 
                    HPOS="393"
                    VPOS="1768"
                    WIDTH="1890"
                    HEIGHT="88">
            <Shape><Polygon POINTS="2269 1776 393 1768 393 1842 393 1856 2280 1856 2283 1842 2280 1823 2269 1776"/></Shape>
	    <String CONTENT="Ma la partenza è rimandata di ora in ora.= Gli organizzatori"
                    HPOS="393"
                    VPOS="1768"
                    WIDTH="1890"
                    HEIGHT="88"></String>
          </TextLine>

          
          
          <TextLine ID="eSc_line_1dce594e"
                    TAGREFS="LT675"
                    BASELINE="239 1930 2250 1925" 
                    HPOS="236"
                    VPOS="1853"
                    WIDTH="2014"
                    HEIGHT="91">
            <Shape><Polygon POINTS="239 1930 239 1944 2247 1938 2250 1925 2244 1867 1287 1853 1284 1853 1147 1867 418 1856 415 1856 236 1870 239 1930"/></Shape>
	    <String CONTENT="non pensano alle vite umane, che in un guscio sfidano l’incerto;"
                    HPOS="236"
                    VPOS="1853"
                    WIDTH="2014"
                    HEIGHT="91"></String>
          </TextLine>

          
          
          <TextLine ID="eSc_line_fde555d3"
                    TAGREFS="LT675"
                    BASELINE="242 2021 1823 2013 2302 2024" 
                    HPOS="239"
                    VPOS="1952"
                    WIDTH="2063"
                    HEIGHT="83">
            <Shape><Polygon POINTS="242 2021 242 2032 2296 2035 2302 2024 2296 1952 239 1958 242 2021"/></Shape>
	    <String CONTENT="ma solo al Iucro.= Da 30 persone per barca, si arriva a 40,50,60,"
                    HPOS="239"
                    VPOS="1952"
                    WIDTH="2063"
                    HEIGHT="83"></String>
          </TextLine>

          
          
          <TextLine ID="eSc_line_11ee8ba7"
                    TAGREFS="LT675"
                    BASELINE="242 2109 1755 2098" 
                    HPOS="239"
                    VPOS="2026"
                    WIDTH="1516"
                    HEIGHT="94">
            <Shape><Polygon POINTS="242 2109 242 2120 1752 2112 1755 2098 1738 2026 1730 2037 1490 2029 1367 2026 1364 2026 1309 2032 1240 2040 1188 2035 1149 2029 1147 2029 239 2046 242 2109"/></Shape>
	    <String CONTENT="68; la barca è stracarica e ci affidiamo a Dio.="
                    HPOS="239"
                    VPOS="2026"
                    WIDTH="1516"
                    HEIGHT="94"></String>
          </TextLine>

          
          
          <TextLine ID="eSc_line_e20f7d6a"
                    TAGREFS="LT675"
                    BASELINE="396 2194 2123 2189 2305 2202" 
                    HPOS="393"
                    VPOS="2120"
                    WIDTH="1912"
                    HEIGHT="93">
            <Shape><Polygon POINTS="396 2194 396 2205 2302 2213 2305 2202 2302 2131 605 2120 602 2120 393 2134 396 2194"/></Shape>
	    <String CONTENT="Si parte alle 3 del 24 Giugno; la seconda barca, di tonnellag¬"
                    HPOS="393"
                    VPOS="2120"
                    WIDTH="1912"
                    HEIGHT="93"></String>
          </TextLine>

          
          
          <TextLine ID="eSc_line_4c73fc20"
                    TAGREFS="LT675"
                    BASELINE="239 2285 1235 2274 2280 2279" 
                    HPOS="236"
                    VPOS="2219"
                    WIDTH="2044"
                    HEIGHT="82">
            <Shape><Polygon POINTS="239 2285 239 2301 2277 2288 2280 2279 2274 2219 236 2222 239 2285"/></Shape>
	    <String CONTENT="gio un pò inferiore alla nostra, ma con motore più potente, aveva"
                    HPOS="236"
                    VPOS="2219"
                    WIDTH="2044"
                    HEIGHT="82"></String>
          </TextLine>

          
          
          <TextLine ID="eSc_line_3110b5f8"
                    TAGREFS="LT675"
                    BASELINE="242 2367 2277 2359" 
                    HPOS="239"
                    VPOS="2290"
                    WIDTH="2038"
                    HEIGHT="91">
            <Shape><Polygon POINTS="242 2367 242 2381 2274 2373 2277 2359 2272 2301 1592 2290 1589 2290 1587 2290 1534 2304 1526 2304 1438 2304 946 2293 943 2293 872 2307 858 2310 239 2310 242 2367"/></Shape>
	    <String CONTENT="il compito di trainarci, mantenendo però sulla nostra barca i mo¬"
                    HPOS="239"
                    VPOS="2290"
                    WIDTH="2038"
                    HEIGHT="91"></String>
          </TextLine>

          
          
          <TextLine ID="eSc_line_9d7fdd77"
                    TAGREFS="LT675"
                    BASELINE="244 2453 2296 2453" 
                    HPOS="244"
                    VPOS="2392"
                    WIDTH="2052"
                    HEIGHT="83">
            <Shape><Polygon POINTS="244 2453 244 2464 2294 2475 2296 2453 2294 2392 244 2395 244 2453"/></Shape>
	    <String CONTENT="tori accesi.= Dopo poche miglia, per cause a noi ignote, il padro¬"
                    HPOS="244"
                    VPOS="2392"
                    WIDTH="2052"
                    HEIGHT="83"></String>
          </TextLine>

          
          
          <TextLine ID="eSc_line_daa23d9f"
                    TAGREFS="LT675"
                    BASELINE="239 2538 2299 2543" 
                    HPOS="236"
                    VPOS="2477"
                    WIDTH="2063"
                    HEIGHT="91">
            <Shape><Polygon POINTS="239 2538 236 2546 429 2565 431 2568 1050 2568 1050 2565 1053 2565 1086 2554 1097 2552 2294 2563 2299 2543 2296 2480 239 2477 239 2538"/></Shape>
	    <String CONTENT="ne della barca faceva spegnere i motori (forse per risparmiare car¬"
                    HPOS="236"
                    VPOS="2477"
                    WIDTH="2063"
                    HEIGHT="91"></String>
          </TextLine>

          
          
          <TextLine ID="eSc_line_e8f38701"
                    TAGREFS="LT675"
                    BASELINE="244 2629 2296 2618" 
                    HPOS="242"
                    VPOS="2560"
                    WIDTH="2054"
                    HEIGHT="82">
            <Shape><Polygon POINTS="244 2629 244 2642 2294 2634 2296 2618 2288 2560 242 2560 244 2629"/></Shape>
	    <String CONTENT="burante) e il traino continuava fino alle 23 del giorno 25 Giugno."
                    HPOS="242"
                    VPOS="2560"
                    WIDTH="2054"
                    HEIGHT="82"></String>
          </TextLine>

          
          
          <TextLine ID="eSc_line_dc9123d6"
                    TAGREFS="LT675"
                    BASELINE="393 2714 2266 2703" 
                    HPOS="390"
                    VPOS="2645"
                    WIDTH="1876"
                    HEIGHT="91">
            <Shape><Polygon POINTS="393 2714 393 2736 2263 2733 2266 2703 2258 2645 390 2653 393 2714"/></Shape>
	    <String CONTENT="Sulla barca eravamo: 21 BAMBINI = 13 UOMINI= 30 DONNE= 4 UO¬"
                    HPOS="390"
                    VPOS="2645"
                    WIDTH="1876"
                    HEIGHT="91"></String>
          </TextLine>

          
          
          <TextLine ID="eSc_line_606abbdb"
                    TAGREFS="LT675"
                    BASELINE="244 2796 880 2796" 
                    HPOS="244"
                    VPOS="2736"
                    WIDTH="636"
                    HEIGHT="96">
            <Shape><Polygon POINTS="244 2796 244 2832 880 2829 880 2796 880 2736 244 2736 244 2796"/></Shape>
	    <String CONTENT="MINI DI EQUIPAGGIO.="
                    HPOS="244"
                    VPOS="2736"
                    WIDTH="636"
                    HEIGHT="96"></String>
          </TextLine>

          
          
          <TextLine ID="eSc_line_e486c428"
                    TAGREFS="LT675"
                    BASELINE="393 2884 2299 2876" 
                    HPOS="390"
                    VPOS="2810"
                    WIDTH="1909"
                    HEIGHT="94">
            <Shape><Polygon POINTS="2291 2821 1713 2810 1711 2810 390 2824 393 2884 393 2904 2299 2890 2299 2876 2294 2827 2291 2821"/></Shape>
	    <String CONTENT="Dopo quattro anni di esilio e di continuo tragico peregrinare"
                    HPOS="390"
                    VPOS="2810"
                    WIDTH="1909"
                    HEIGHT="94"></String>
          </TextLine>

          
          
          <TextLine ID="eSc_line_d1def37c"
                    TAGREFS="LT675"
                    BASELINE="244 2975 2239 2967" 
                    HPOS="242"
                    VPOS="2906"
                    WIDTH="1997"
                    HEIGHT="80">
            <Shape><Polygon POINTS="244 2975 244 2986 2236 2978 2239 2967 2233 2915 242 2906 244 2975"/></Shape>
	    <String CONTENT="(almeno per alcuni di noi) di città in città, di paese in paese,"
                    HPOS="242"
                    VPOS="2906"
                    WIDTH="1997"
                    HEIGHT="80"></String>
          </TextLine>

          
          
          <TextLine ID="eSc_line_fc358369"
                    TAGREFS="LT675"
                    BASELINE="244 3069 2294 3060" 
                    HPOS="242"
                    VPOS="2994"
                    WIDTH="2052"
                    HEIGHT="94">
            <Shape><Polygon POINTS="244 3069 244 3088 1609 3088 1609 3085 1617 3085 1686 3071 2288 3082 2294 3060 2288 3005 927 2994 924 2994 852 3008 385 2997 382 2997 242 3011 244 3069"/></Shape>
	    <String CONTENT="per trovare scampo; l’inizio del viaggio segnò il culmine della no¬"
                    HPOS="242"
                    VPOS="2994"
                    WIDTH="2052"
                    HEIGHT="94"></String>
          </TextLine>

          
          
          <TextLine ID="eSc_line_07da3499"
                    TAGREFS="LT675"
                    BASELINE="247 3148 2241 3137" 
                    HPOS="244"
                    VPOS="3074"
                    WIDTH="1997"
                    HEIGHT="94">
            <Shape><Polygon POINTS="247 3148 247 3168 2239 3157 2241 3137 2236 3088 1942 3074 1939 3074 1804 3088 1771 3074 1768 3074 1766 3074 1763 3074 1730 3091 1724 3091 1677 3091 1361 3077 1358 3077 1276 3091 1246 3077 1243 3077 1240 3077 1237 3077 1180 3093 1171 3093 1136 3093 836 3080 833 3080 726 3096 712 3096 665 3096 291 3082 288 3082 286 3082 244 3093 247 3148"/></Shape>
	    <String CONTENT="stra felicità, e sulla barca, col solo mare che ci ascoltava, si"
                    HPOS="244"
                    VPOS="3074"
                    WIDTH="1997"
                    HEIGHT="94"></String>
          </TextLine>

          
        </TextBlock>
        

        
      </PrintSpace>
    </Page>
  </Layout>
</alto>
