2550 3300
2117 88 168 90 -6-

772 244 903 105 IMMIGRAZIONE ED EMIGRAZIONE

976 365 520 88 Proclama N° 123

552 489 1337 102 Io, TRAVERS ROBERT BLACKLEV, Brigadier:

1012 616 476 101 PROCLAMO

297 728 457 97 Articolo I° =

420 814 1530 88 Divieto di entrare nel territorio senza permesso.

420 893 1838 102 Chi entra nel territorio senza permesso debitamente apposto

299 981 1929 97 sul passaporto o su altro documento ufficiale di viaggio dallo

299 1075 1978 85 Amministratore Capo, o da altra autorità a ciò delegata dall’Am¬

297 1146 1070 99 ministratore Capo, commette reato.

299 1243 1161 99 Articolo II°= Disposizioni penali=

437 1333 1876 99 "Chi commette reato ai termini del presente Proclama, o con¬

299 1413 2008 96 travviene alle disposizioni alle quali è stato subordinato il ri¬

297 1504 2019 99 lascio di un permesso o di un documento di viaggio provvisorio ai

297 1595 2010 88 termini del Proclama medesimo, è punibile, previo giudizio di re¬

299 1674 1948 99 sponsabilità da parte di un Tribunale Militare a giudice unico,

297 1760 2068 101 con l'imprigionamento fino a due anni, o con la multa fino a M.A.L.

294 1864 1961 83 96.000.=, o con entrambe le pene congiuntamente.= In aggiunta

299 1952 2014 91 alla dichiarazione di responsabilità, il Tribunale giudicante può

294 2026 1760 94 proporre che il condannato venga espulso dal territorio."

1097 2114 294 77 --- o ---

442 2238 1841 94 Ciò non ostante, una prima imbarcazione di profughi, carica

291 2318 1981 102 solo di uomini, riuscì ad approdare nelle vicinanze di Tripoli,

294 2406 2041 88 verso la metà di novembre di quel medesimo anno.= Furono avvistati

291 2505 1986 80 dalla Polizia, arrestati e dopo qualche giorno rinviati al Iuogo

291 2582 2036 104 di provenienza.= Altri tentativi del genere, specie nei mesi di bo¬

288 2678 1978 96 naccia, sia per raggiungere la “Quarta Sponda", sia in senso op¬

291 2761 2008 96 posto, riuscirono nel Ioro intento, deludendo la sorveglianza del¬

288 2843 2039 149 la polizia e grazie ad un’abile organizzazione segreta tra i mari¬

288 2939 146 102 nai.

1097 3041 292 52 --- o ---
