2550 3300
2098 68 179 77 -5-

349 244 1920 91 più si svuotava di elementi nazionali anche questa regione e più

349 335 1868 83 diventava grave il pericolo di perderla; sia perchè un oscuro

346 423 1920 91 presentimento mi suggeriva che forse chi partiva andava a stare

346 503 718 96 peggio di chi rimaneva.

497 599 1714 80 Comunque, l'esodo ci fu, dapprima, dicevo, volenteroso e

349 690 1925 80 spontaneo, e poi coattivo e quasi violento.= Fatto sta che ben

346 772 1953 91 poche furono le famiglie che, specialmente in città e nelle con¬

346 858 1986 82 cessioni, non videro partire, per amore o per forza, qualcuno dei

346 957 1978 74 loro cari, e nelle quali gli uomini non rimasero soli ad occupar¬

352 1039 1969 80 si dei loro affari e dei loro interessi e ad accudire contempora¬

346 1122 1926 82 neamente alla casa.= E se qualcuno ha finito anche con l'adat¬

354 1210 2006 85 tarsi a questo straordinario modo di vivere, la grande maggioranza

352 1287 1997 107 si sentì subito a disagio, e non fece che augurarsi il ritorno del¬

349 1369 2002 102 le mogli e dei figli.= A quel modo che questi poveri profughi es¬

352 1463 1997 99 si pure, subito stanchi dell'odioso e faticoso peregrinare e sbat¬

354 1542 1995 99 tuti e provati in mille modi dagli eventi, non fecero che preoccu¬

354 1628 1395 112 parsi di trovare il modo e la via del rientro.

500 1710 1791 107 Ora, finchè infieriva la guerra con tutto il suo trambusto,

354 1804 1959 110 i suoi pericoli e i suoi danni, ci si era rassegnati all'innatura¬

352 1894 1944 99 le divorzio; ma appena si effettuava la così detta liberazione e

352 1985 1947 105 cessavano i cannoneggiamenti e i mitragliamenti, ognuno pensava

354 2073 1964 102 al ritorno alle proprie case.= E' ciò che accadde in modo parti¬

354 2191 1915 69 colare alle popolazioni che si erano rifugiate in Sicilia; esse

354 2255 1915 93 credettero che appena occupata, nella primavera del 43 da parte

354 2340 1986 99 degli Alleati l'Isola del sole e spostatesi le truppe verso il Con¬

354 2433 1937 91 tinente, potessero riattraversare il breve tratto di mare e riu¬

352 2510 1964 105 nirsi ai loro cari.- E poichè tardavano ad avere i necessari do¬

352 2601 1914 94 cumenti e sopratutto capivano che non avrebbero potuto ottenere

352 2692 1925 91 facilmente dalle Autorità occupanti i mezzi di trasporto, pensa¬

352 2772 1334 93 rono di organizzare un servizio clandestino.

1097 2865 297 80 --- o ---

497 2950 1813 105 Ma intanto a Tripoli era stato proclamato il seguente bando:
