2550 3300
2222 134 160 72 -2-

327 211 1994 66 arie balsamiche delle nostre montagne e dei nostri mari, il bene¬

324 283 1997 85 ficio di un nutrimento sano ed abbondante, il sollievo di giuochi

327 368 1936 83 e divertimenti sportivi allenanti e corroboranti, coincise pure

327 448 1991 91 con una finalità politica, quella di sottrarre i cari figlioli al

330 533 2010 107 teatro più immediato e più micidiale (almeno così si pensava) del¬

321 627 1423 88 la guerra, per collocarli in posti più sicuri.

475 715 1868 104 Il piroscafo, infatti, che aveva portato attraverso le placi¬

319 816 2019 91 de onde dell’azzurro Mediterraneo l’ultimo convoglio di questa gio¬

319 893 1999 108 vinezza Iieta e canora, entrava nel porto di Napoli, proprio, nel

313 995 2025 85 momento in cui fischiavano le sirene per radunare attorno agli al¬

321 1064 1967 102 to parlanti le folle, invitate ad ascoltare Il discorso del Duce

313 1152 1994 107 che, dallo storico balcone di Piazza Venezia, dichiarava pazzamen¬

313 1243 1972 107 te che l’Italia si schierava accanto alla Germania, per scendere

313 1336 1994 116 in guerra contro la Francia e l’Impero Britannico! - (pomeriggio

310 1399 776 143 dell’11 Giugno 1940) -

1064 1515 308 102 --- o ---

456 1592 1876 118 La storia di questi bambini delle Colonie Libiche, come venne¬

302 1677 2008 116 ro chiamati i piccoli profughi, è a tutti noi nota ed è stata an¬

305 1768 1950 115 che da me, altrove, rievocata (vedi il mio volume "MALEDIZIONE

308 1839 1507 141 ALLA GUERRA": perciò è inutile riprenderla quì.

451 2029 1881 107 Noto solo che fu questa una delle prime cause del disgregamen¬

302 2114 2008 83 to delle famiglie Italiane in Libia e una delle fonti maggiori di

297 2197 2008 124 preoccupazioni, pene, e sofferenze di innumerevoli babbi e mamme

297 2296 2030 115 che, oggi ancora, dopo più di un anno dacche è terminata ufficial¬

294 2373 1983 107 mente Ia guerra, sono in ansiosa ed affannosa attesa del ritorno

294 2461 2038 129 dei loro figlioli. - Questi figlioli che sembrava, dalle immediate

294 2554 2038 113 disposizioni e previsioni, dovessero rientrare in Libia al termine

294 2659 2038 110 di quella prima stagione o vacanza balneare e montanina, dovettero

297 2733 1994 105 trascorrere invece, Iontani dalle loro case e dai loro parenti, -

291 2829 1953 77 ben cinque o sei Iunghi anni, gli ultimi dei quali costituirono

294 2890 2030 113 per essi un Iungo calvario e pei loro cari un angoscioso martirio.
